%% This BibTeX bibliography file was created using BibDesk.
%% http://bibdesk.sourceforge.net/


%% Created for Ari at 2018-04-29 11:55:30 -0400 


%% Saved with string encoding Unicode (UTF-8) 


@misc{EtherDelta-listing:2018,
author = {T. Liu},
title = {{EtherDelta} Listing Policy Announcement},
year = {5 Jan.~2018},
Howpublished = {Medium post, \url{https://bit.ly/1sLuetj}}
}

@misc{ED-blog:2017,
author = {Anonymized for Review},
title = {The Cost of Decentralization in {0x} and {EtherDelta}},
year = {13 Aug.~2017}
}

@journal{ED-Forbes-article:2017,
author = {A. Castor},
title = {Researchers Find Issues With {0x}, An {E}thereum-Based Project Aiming To Raise Millions In An {ICO}},
journal = {Forbes},
year = {15 Aug.~2017}
}

@misc{Etherscan,
author = {Etherscan.com},
howpublished = {\url{
https://etherscan.io/chart/blocktime}},
year = {Referenced Apr.~2018}
}

@misc{bitcoin-crash-news,
	Author = {Kim-Mai Cutler},
	Date = {April 10, 2013},
	Date-Added = {2018-04-29 15:53:10 +0000},
	Date-Modified = {2018-04-29 15:53:10 +0000},
	Howpublished = {\url{http://techcrunch.com/2013/04/10/bitcoin-crash/}},
	Title = {{Bitcoin Suffers A Correction Amid Apparent DDOS Attacks On Some Exchanges}}}

@misc{bitcoin-fork,
	Author = {Andresen, Gavin},
	Date = {March 10, 2013},
	Date-Added = {2018-04-29 15:53:10 +0000},
	Date-Modified = {2018-04-29 15:53:10 +0000},
	Howpublished = {BIP 50},
	Title = {{March 2013 Chain Fork Post-Mortem}}}

@article{gandal2018price,
  title={Price manipulation in the Bitcoin ecosystem},
  author={Gandal, Neil and Hamrick, JT and Moore, Tyler and Oberman, Tali},
  journal={Journal of Monetary Economics},
  year={2018},
  publisher={Elsevier}
}

@misc{bitcoin-news-winklevoss,
	Author = {Nathaniel Popper AND Peter Lattman},
	Date = {April 11, 2013},
	Date-Added = {2018-04-29 15:53:10 +0000},
	Date-Modified = {2018-04-29 15:53:10 +0000},
	Howpublished = {\url{http://dealbook.nytimes.com/2013/04/11/as-big-investors-emerge-bitcoin-gets-ready-for-its-close-up/}},
	Title = {Never Mind {F}acebook; {W}inklevoss Twins Rule in Digital Money}}

@misc{bitcoin.org,
	Date-Added = {2018-04-29 15:53:10 +0000},
	Date-Modified = {2018-04-29 15:53:10 +0000},
	Howpublished = {\url{http://bitcoin.org}},
	Key = {Bitcoin},
	Title = {{Bitcoin - P2P Digital Currency}}}

@misc{bitcoinj,
	Date-Added = {2018-04-29 15:53:10 +0000},
	Date-Modified = {2018-04-29 15:53:10 +0000},
	Howpublished = {\url{https://bitcoinj.github.io/}},
	Title = {bitoinj}}

@misc{bitcoinstartups,
	Date-Added = {2018-04-29 15:53:10 +0000},
	Date-Modified = {2018-04-29 15:53:10 +0000},
	Howpublished = {\url{https://angel.co/bitcoin}},
	Title = {Bitcoin Startups}}

@misc{blockchainstats,
	Date-Added = {2018-04-29 15:53:10 +0000},
	Date-Modified = {2018-04-29 15:53:10 +0000},
	Howpublished = {\url{https://blockchain.info/stats}}}

@misc{blocknetworkcoding,
	Author = {Greg Maxwell},
	Date-Added = {2018-04-29 15:53:10 +0000},
	Date-Modified = {2018-04-29 15:53:10 +0000},
	Howpublished = {Wiki article: \url{https://en.bitcoin.it/wiki/User:Gmaxwell/block_network_coding}},
	Title = {{block network coding}}}

@misc{btcfoundation,
	Date-Added = {2018-04-29 15:53:10 +0000},
	Date-Modified = {2018-04-29 15:53:10 +0000},
	Howpublished = {\url{https://bitcoinfoundation.org}},
	Key = {Bitcoin Foundation},
	Title = {Bitcoin {F}oundation}}

@misc{btcguild,
	Date-Added = {2018-04-29 15:53:10 +0000},
	Date-Modified = {2018-04-29 15:53:10 +0000},
	Howpublished = {\url{http://www.btcguild.com}},
	Key = {BTC Guild},
	Title = {B{TC} {G}uild}}

@misc{Buterinpersonal,
	Date-Added = {2018-04-29 15:53:10 +0000},
	Date-Modified = {2018-04-29 15:53:10 +0000},
	Month = {Jan. 2016},
	Title = {Vitalik {B}uterin (personal communication)}}

@misc{coiledcoin,
	Author = {makomk},
	Date-Added = {2018-04-29 15:53:10 +0000},
	Date-Modified = {2018-04-29 15:53:10 +0000},
	Howpublished = {\url{bitcointalk.org}},
	Title = {[DEAD] Coiledcoin - yet another cryptocurrency, but with OP\_EVAL!}}

@misc{counterparty,
	Author = {Adam Krellenstein Robby Dermody and Ouziel Slama},
	Date-Added = {2018-04-29 15:53:10 +0000},
	Date-Modified = {2018-04-29 15:53:10 +0000},
	Howpublished = {\url{https://bitcointalk.org/index.php?topic=395761.0}},
	Title = {Counterparty Announcement}}

@misc{Freicoin,
	Date-Added = {2018-04-29 15:53:10 +0000},
	Date-Modified = {2018-04-29 15:53:10 +0000},
	Howpublished = {\url{http://freico.in/}},
	Key = {Freicoin},
	Title = {{Freicoin - easy-to-use demurrage currency}}}

@misc{headerssync,
	Author = {Pieter Wuille},
	Date-Added = {2018-04-29 15:53:10 +0000},
	Date-Modified = {2018-04-29 15:53:10 +0000},
	Howpublished = {Pull request, \url{https://github.com/sipa/bitcoin/commit/b230a6599e884e158fe49e2cf946801eea83dcaa}},
	Title = {{Switch to headers-based synchronization}}}

@misc{koinify,
	Date-Added = {2018-04-29 15:53:10 +0000},
	Date-Modified = {2018-04-29 15:53:10 +0000},
	Howpublished = {\url{http://koinify.com}}}

@misc{Litecoin,
	Date-Added = {2018-04-29 15:53:10 +0000},
	Date-Modified = {2018-04-29 15:53:10 +0000},
	Howpublished = {\url{http://litecoin.org/}},
	Key = {Litecoin},
	Title = {{Litecoin - Open source P2P digital currency}}}

@misc{poolwatch,
	Author = {{organofcorti}},
	Date-Added = {2018-04-29 15:53:10 +0000},
	Date-Modified = {2018-04-29 15:53:10 +0000},
	Howpublished = {\url{http://organofcorti.blogspot.com/}},
	Title = {{Neighborhood Pool Watch}}}

@misc{PriceFeed:2016,
	Date-Added = {2018-04-29 15:53:10 +0000},
	Date-Modified = {2018-04-29 15:53:10 +0000},
	Howpublished = {Referenced Feb.~2016 at \url{http://feed.ether.camp/}},
	Title = {{PriceFeed} smart contract}}

@misc{riseandrise,
	Date-Added = {2018-04-29 15:53:10 +0000},
	Date-Modified = {2018-04-29 15:53:10 +0000},
	Howpublished = {Documentary},
	Title = {The Rise and Rise of Bitcoin}}

@misc{sipa.be,
	Author = {Pieter Wuille},
	Date-Added = {2018-04-29 15:53:10 +0000},
	Date-Modified = {2018-04-29 15:53:10 +0000},
	Howpublished = {\url{http://bitcoin.sipa.be/}},
	Key = {sipa.be},
	Title = {{Bitcoin Network Graphs}}}

@misc{skuchain,
	Date-Added = {2018-04-29 15:53:10 +0000},
	Date-Modified = {2018-04-29 15:53:10 +0000},
	Howpublished = {\url{http://www.skuchain.com/}},
	Title = {Skuchain}}

@misc{stepbystep,
	Author = {Kevin Delmolino and Mitchell Arnett and Ahmed Kosba and Andrew Miller and Elaine Shi},
	Date-Added = {2018-04-29 15:53:10 +0000},
	Date-Modified = {2018-04-29 15:53:10 +0000},
	Howpublished = {\url{https://eprint.iacr.org/2015/460}},
	Title = {Step by Step Towards Creating a Safe Smart Contract: Lessons and Insights from a Cryptocurrency Lab}}

@misc{Oraclize:2016,
	Date-Added = {2018-04-29 15:53:10 +0000},
	Date-Modified = {2018-04-29 15:53:10 +0000},
	Howpublished = {\url{www.oraclize.it}},
	Title = {Oraclize: {``The provably honest oracle service''}},
	Year = {Referenced Feb.~2016}}

@misc{parasite,
	Author = {K. Torpey},
	Date-Added = {2018-04-29 15:53:10 +0000},
	Date-Modified = {2018-04-29 15:53:10 +0000},
	Howpublished = {CoinGecko},
	Title = {The Conceptual Godfather of Augur Thinks the Project Will Fail},
	Year = {{5 Aug. 2015}}}

@inproceedings{backbone,
	Author = {Juan A. Garay and Aggelos Kiayias and Nikos Leonardos},
	Booktitle = {Eurocrypt},
	Date-Added = {2018-04-29 15:53:10 +0000},
	Date-Modified = {2018-04-29 15:53:10 +0000},
	Title = {The Bitcoin Backbone Protocol: Analysis and Applications},
	Year = {2015}}

@misc{bonneau2015bitcoin,
	Author = {Bonneau, Joseph and Clark, Jeremy and Goldfeder, Steven},
	Date-Added = {2018-04-29 15:53:10 +0000},
	Date-Modified = {2018-04-29 15:53:10 +0000},
	Howpublished = {\url{https://eprint.iacr.org/2015/1015.pdf}},
	Title = {On Bitcoin as a public randomness source},
	Year = {2015}}

@misc{gyges,
	Author = {A. Juels and A. Kosba and E. Shi},
	Date-Added = {2018-04-29 15:53:10 +0000},
	Date-Modified = {2018-04-29 15:53:10 +0000},
	Howpublished = {Online manuscript},
	Title = {The {R}ing of {G}yges: Investigating the Future of Criminal Smart Contracts},
	Year = 2015}

@techreport{kosba2015hawk,
	Author = {Kosba, Ahmed and Miller, Andrew and Shi, Elaine and Wen, Zikai and Papamanthou, Charalampos},
	Date-Added = {2018-04-29 15:53:10 +0000},
	Date-Modified = {2018-04-29 15:53:10 +0000},
	Institution = {Cryptology ePrint Archive, Report 2015/675, 2015. http://eprint. iacr. org},
	Title = {Hawk: The blockchain model of cryptography and privacy-preserving smart contracts},
	Year = {2015}}

@inproceedings{minersdilemma,
	Author = {Ittay Eyal},
	Booktitle = {S{\&}P},
	Date-Added = {2018-04-29 15:53:10 +0000},
	Date-Modified = {2018-04-29 15:53:10 +0000},
	Title = {The Miner's Dilemma},
	Year = {2015}}

@inproceedings{passmicropayment,
	Author = {Rafael Pass and abhi shelat},
	Booktitle = {CCS},
	Date-Added = {2018-04-29 15:53:10 +0000},
	Date-Modified = {2018-04-29 15:53:10 +0000},
	Title = {Micropayments for Peer-to-Peer Currencies},
	Year = 2015}

@inproceedings{spv-anon,
	Author = {Gervais, Arthur and Karame, Ghassan O and Gruber, Damian and Capkun, Srdjan},
	Booktitle = {{ACSAC}},
	Date-Added = {2018-04-29 15:53:10 +0000},
	Date-Modified = {2018-04-29 15:53:10 +0000},
	Title = {{On the Privacy Provisions of Bloom Filters in Lightweight Bitcoin clients}},
	Year = {2015}}

@misc{blocksize,
	Author = {Gavin Andresen},
	Date-Added = {2018-04-29 15:53:10 +0000},
	Date-Modified = {2018-04-29 15:53:10 +0000},
	Howpublished = {\url{bitcoinfoundation.org}},
	Month = {October},
	Title = {{Blocksize Economics}},
	Year = {2014}}

@article{sidechains,
	Author = {Back, Adam and Corallo, Matt and Dashjr, Luke and Friedenbach, Mark and Maxwell, Gregory and Miller, Andrew and Poelstra, Andrew and Tim{\'o}n, Jorge and Wuille, Pieter},
	Date-Added = {2018-04-29 15:53:10 +0000},
	Date-Modified = {2018-04-29 15:53:10 +0000},
	Howpublished = {\url{http://www.blockstream.com/sidechains.pdf}},
	Month = {October},
	Title = {Enabling Blockchain Innovations with Pegged Sidechains},
	Year = {2014}}

@misc{bitinstant,
	Author = {Donna Leinwand Leger},
	Date-Added = {2018-04-29 15:53:10 +0000},
	Date-Modified = {2018-04-29 15:53:10 +0000},
	Howpublished = {\url{http://www.usatoday.com/story/news/nation/2014/09/04/bitcoin-exchanger-charlie-shrem-pleads-guilty-to-silk-road-related-charges/15095129/}},
	Month = {September},
	Title = {Bitcoin entrepreneur pleads guilty to Silk Road charges},
	Year = {2014}}

@misc{ripple,
	Author = {David Schwartz and Noah Youngs and Arthur Britto},
	Date-Added = {2018-04-29 15:53:10 +0000},
	Date-Modified = {2018-04-29 15:53:10 +0000},
	Month = {September},
	Title = {{The Ripple Protocol Consensus Algorithm}},
	Year = {2014}}

@misc{kwontendermint,
	Author = {Kwon, Jae},
	Date-Added = {2018-04-29 15:53:10 +0000},
	Date-Modified = {2018-04-29 15:53:10 +0000},
	Month = {August},
	Title = {{TenderMint: Consensus without Mining}},
	Year = {2014}}

@misc{loi,
	Author = {Loi Luu},
	Date-Added = {2018-04-29 15:53:10 +0000},
	Date-Modified = {2018-04-29 15:53:10 +0000},
	Howpublished = {\url{https://gist.github.com/loiluu/fbe9967917b77c824202}},
	Month = {August},
	Title = {Lottery example in Ethereum},
	Year = {2014}}

@misc{thefts,
	Author = {dree12},
	Date-Added = {2018-04-29 15:53:10 +0000},
	Date-Modified = {2018-04-29 15:53:10 +0000},
	Howpublished = {\url{bitcointalk.org}},
	Month = {August},
	Title = {{List of Major Bitcoin Heists, Thefts, Hacks, Scams, and Losses}},
	Year = {2014}}

@article{cryptolocker,
	Author = {Lee Garber},
	Date-Added = {2018-04-29 15:53:10 +0000},
	Date-Modified = {2018-04-29 15:53:10 +0000},
	Journal = {IEEE Computer},
	Month = {July},
	Title = {{Government Officials Disrupt Two Major Cyberattack Systems}},
	Year = {2014}}

@misc{ghash,
	Author = {Jon Matonis},
	Date-Added = {2018-04-29 15:53:10 +0000},
	Date-Modified = {2018-04-29 15:53:10 +0000},
	Month = {July},
	Title = {The Bitcoin Mining Arms Race: GHash.io and the 51\% Issue},
	Year = {2014}}

@misc{2ppow,
	Author = {Sirer, Emin G\"un and Eyal, Ittay},
	Date-Added = {2018-04-29 15:53:10 +0000},
	Date-Modified = {2018-04-29 15:53:10 +0000},
	Month = {June},
	Title = {{How to Disincentivize Large Bitcoin Mining Pools}},
	Year = {2014}}

@misc{andytoshi-pos,
	Author = {Andrew Poelstra},
	Date-Added = {2018-04-29 15:53:10 +0000},
	Date-Modified = {2018-04-29 15:53:10 +0000},
	Month = {May},
	Title = {{Distributed Consensus from Proof of Stake is Impossible}},
	Year = {2014}}

@misc{decor,
	Author = {Sergio Demian Lerner},
	Date-Added = {2018-04-29 15:53:10 +0000},
	Date-Modified = {2018-04-29 15:53:10 +0000},
	Howpublished = {\url{https://bitslog.wordpress.com/2014/05/02/decor/}},
	Month = {May},
	Title = {{Even faster block-chains with the DECOR protocol}},
	Year = {2014}}

@misc{pizza,
	Author = {Grace Caffyn},
	Date-Added = {2018-04-29 15:53:10 +0000},
	Date-Modified = {2018-04-29 15:53:10 +0000},
	Day = {22},
	Howpublished = {\url{http://www.coindesk.com/bitcoin-pizza-day-celebrating-pizza-bought-10000-btc/}},
	Month = {May},
	Title = {{Bitcoin Pizza Day: Celebrating the Pizzas Bought for 10,000 BTC}},
	Year = {2014}}

@misc{gun-mongo,
	Author = {Emin G\"un Sirer},
	Date-Added = {2018-04-29 15:53:10 +0000},
	Date-Modified = {2018-04-29 15:53:10 +0000},
	Howpublished = {\url{http://hackingdistributed.com/2014/04/06/another-one-bites-the-dust-flexcoin/}},
	Month = {April},
	Title = {NoSQL Meets Bitcoin and Brings Down Two Exchanges: The Story of Flexcoin and Poloniex},
	Year = {2014}}

@misc{pamba,
	Author = {Sergio Demian Lerner},
	Date-Added = {2018-04-29 15:53:10 +0000},
	Date-Modified = {2018-04-29 15:53:10 +0000},
	Month = {April},
	Title = {{The Private Automatic Miner Backbone Protocol (PAMBA)}},
	Year = {2014}}

@inproceedings{eyal2013majority,
	Author = {Eyal, Ittay and Sirer, Emin G{\"u}n},
	Booktitle = {{FC}},
	Date-Added = {2018-04-29 15:53:10 +0000},
	Date-Modified = {2018-04-29 15:53:10 +0000},
	Month = {March},
	Title = {{Majority is not enough: Bitcoin mining is vulnerable}},
	Year = {2014}}

@misc{gold,
	Author = {Steven Goldfeder},
	Date-Added = {2018-04-29 15:53:10 +0000},
	Date-Modified = {2018-04-29 15:53:10 +0000},
	Howpublished = {\url{http://www.cs.princeton.edu/~stevenag/bitcoin_threshold_signatures.pdf}},
	Month = {March},
	Title = {{New research: Better wallet security for Bitcoin}},
	Year = {2014}}

@inproceedings{mixcoin,
	Author = {Bonneau, Joseph and Narayanan, Arvind and Miller, Andrew and Clark, Jeremy and Kroll, Joshua A and Felten, Edward W},
	Booktitle = {{Financial Cryptography}},
	Date-Added = {2018-04-29 15:53:10 +0000},
	Date-Modified = {2018-04-29 15:53:10 +0000},
	Month = {March},
	Title = {{Mixcoin: Anonymity for Bitcoin with accountable mixes}},
	Year = {2014}}

@misc{mtgox,
	Author = {Ruairidh Villar and Sophie Knight and Brett Wolf},
	Date-Added = {2018-04-29 15:53:10 +0000},
	Date-Modified = {2018-04-29 15:53:10 +0000},
	Howpublished = {\url{http://www.reuters.com/article/2014/02/25/us-mtgox-website-idUSBREA1O07920140225}},
	Month = {February},
	Title = {Bitcoin exchange {Mt. Gox} goes dark in blow to virtual currency},
	Year = {2014}}

@misc{TLSnotary,
	Date-Added = {2018-04-29 15:53:10 +0000},
	Date-Modified = {2018-04-29 15:53:10 +0000},
	Howpublished = {\url{https://tlsnotary.org/TLSNotary.pdf}},
	Title = {{TLS}notary -- a mechanism for independently audited https sessions},
	Year = {{10 Sept. 2014}}}

@misc{agiletokens,
	Author = {Bonneau, Joseph and Eckersley, Peter},
	Date-Added = {2018-04-29 15:53:10 +0000},
	Date-Modified = {2018-04-29 15:53:10 +0000},
	Title = {{Agile Tokens}},
	Year = {2014}}

@techreport{biryukov,
	Author = {Biryukov, Alex and Pustogarov, Ivan},
	Date-Added = {2018-04-29 15:53:10 +0000},
	Date-Modified = {2018-04-29 15:53:10 +0000},
	Institution = {arXiv preprint},
	Number = {1410.6079},
	Title = {{Bitcoin over Tor isn't a good idea}},
	Year = {2014}}

@inproceedings{botcoin,
	Author = {Huang, Danny Yuxing and Dharmdasani, Hitesh and Meiklejohn, Sarah and Dave, Vacha and Grier, Chris and McCoy, Damon and Savage, Stefan and Weaver, Nicholas and Snoeren, Alex C and Levchenko, Kirill},
	Booktitle = {{NDSS}},
	Date-Added = {2018-04-29 15:53:10 +0000},
	Date-Modified = {2018-04-29 15:53:10 +0000},
	Title = {{Botcoin: monetizing stolen cycles}},
	Year = {2014}}

@techreport{CEV14,
	Author = {Nicolas T. Courtois and Pinar Emirdag and Filippo Valsorda},
	Date-Added = {2018-04-29 15:53:10 +0000},
	Date-Modified = {2018-04-29 15:53:10 +0000},
	Institution = {IACR eprint},
	Title = {Private Key Recovery Combination Attacks: On Extreme Fragility of Popular Bitcoin Key Management, Wallet and Cold Storage Solutions in Presence of Poor RNG Events},
	Year = {2014}}

@inproceedings{CGN14,
	Author = {Nicolas T. Courtois and Marek Grajek and Rahul Naik},
	Booktitle = {Cryptography and Security Systems},
	Date-Added = {2018-04-29 15:53:10 +0000},
	Date-Modified = {2018-04-29 15:53:10 +0000},
	Title = {Optimizing SHA256 in Bitcoin Mining},
	Year = {2014}}

@inproceedings{clark-prediction,
	Author = {Jeremy Clark and Joseph Bonneau and Edward W. Felten and Joshua A. Kroll and Andrew Miller and Arvind Narayanan},
	Booktitle = {{WEIS}},
	Date-Added = {2018-04-29 15:53:10 +0000},
	Date-Modified = {2018-04-29 15:53:10 +0000},
	Title = {{On Decentralizing Prediction Markets and Order Books}},
	Year = {2014}}

@inproceedings{coinshuffle,
	Author = {Ruffing, Tim and Moreno-Sanchez, Pedro and Kate, Aniket},
	Booktitle = {{ESORICS}},
	Date-Added = {2018-04-29 15:53:10 +0000},
	Date-Modified = {2018-04-29 15:53:10 +0000},
	Title = {{CoinShuffle}: Practical Decentralized Coin Mixing for {Bitcoin}},
	Year = {2014}}

@techreport{dell-malware,
	Author = {Pat Litke and Joe Stewart},
	Date-Added = {2018-04-29 15:53:10 +0000},
	Date-Modified = {2018-04-29 15:53:10 +0000},
	Institution = {Dell SecureWorks Counter Threat Unit},
	Title = {Cryptocurrency-Stealing Malware Landscape},
	Year = {2014}}

@inproceedings{donetbitcoin,
	Author = {Donet, Joan Antoni Donet and P{\'e}rez-Sola, Cristina and Herrera-Joancomart{\i}, Jordi},
	Booktitle = {{BITCOIN}},
	Date-Added = {2018-04-29 15:53:10 +0000},
	Date-Modified = {2018-04-29 15:53:10 +0000},
	Month = Jan,
	Title = {{The Bitcoin P2P network}},
	Year = {2014}}

@misc{ethereum,
	Author = {Gavin Wood},
	Date-Added = {2018-04-29 15:53:10 +0000},
	Date-Modified = {2018-04-29 15:53:10 +0000},
	Howpublished = {\url{http://gavwood.com/paper.pdf}},
	Title = {Ethereum: A secure decentralized transaction ledger},
	Year = {2014}}

@misc{expedia,
	Author = {Pete Rizzo},
	Date-Added = {2018-04-29 15:53:10 +0000},
	Date-Modified = {2018-04-29 15:53:10 +0000},
	Howpublished = {\url{http://www.coindesk.com/expedia-exec-bitcoin-payments-have-exceeded-estimates/}},
	Title = {Expedia Exec Says Bitcoin Spending Has Exceeded Estimates},
	Year = {2014}}

@inproceedings{iddo-lottery,
	Author = {Bentov, Iddo and Kumaresan, Ranjit},
	Booktitle = {{CRYPTO}},
	Date-Added = {2018-04-29 15:53:10 +0000},
	Date-Modified = {2018-04-29 15:53:10 +0000},
	Title = {{How to Use Bitcoin to Design Fair Protocols.}},
	Year = {2014}}

@inproceedings{incentivize,
	Author = {Kumaresan, Ranjit and Bentov, Iddo},
	Booktitle = {{CCS}},
	Date-Added = {2018-04-29 15:53:10 +0000},
	Date-Modified = {2018-04-29 15:53:10 +0000},
	Title = {{How to Use Bitcoin to Incentivize Correct Computations}},
	Year = {2014}}

@inproceedings{johnson2014game,
	Author = {Johnson, Benjamin and Laszka, Aron and Grossklags, Jens and Vasek, Marie and Moore, Tyler},
	Booktitle = {{BITCOIN}},
	Date-Added = {2018-04-29 15:53:10 +0000},
	Date-Modified = {2018-04-29 15:53:10 +0000},
	Month = Jan,
	Title = {{Game-theoretic analysis of DDoS attacks against Bitcoin mining pools}},
	Year = {2014}}

@inproceedings{lambdaauth,
	Author = {Miller, Andrew and Hicks, Michael and Katz, Jonathan and Shi, Elaine},
	Booktitle = {{POPL}},
	Date-Added = {2018-04-29 15:53:10 +0000},
	Date-Modified = {2018-04-29 15:53:10 +0000},
	Title = {{Authenticated data structures, generically}},
	Year = {2014}}

@misc{miller2014anonymous,
	Author = {Miller, Andrew and LaViola Jr, Joseph J},
	Date-Added = {2018-04-29 15:53:10 +0000},
	Date-Modified = {2018-04-29 15:53:10 +0000},
	Publisher = {Apr},
	Title = {{Anonymous Byzantine Consensus from Moderately-Hard Puzzles: A Model for Bitcoin}},
	Year = {2014}}

@inproceedings{mosertowards,
	Author = {M{\"o}ser, Malte and B{\"o}hme, Rainer and Breuker, Dominic},
	Booktitle = {{Workshop on Bitcoin Research}},
	Date-Added = {2018-04-29 15:53:10 +0000},
	Date-Modified = {2018-04-29 15:53:10 +0000},
	Title = {{Towards Risk Scoring of Bitcoin Transactions}},
	Year = {2014}}

@misc{namecoin,
	Author = {Andreas Loibl},
	Date-Added = {2018-04-29 15:53:10 +0000},
	Date-Modified = {2018-04-29 15:53:10 +0000},
	Howpublished = {\url{namecoin.info}},
	Title = {Namecoin},
	Year = {2014}}

@misc{nonoutsourceable,
	Author = {Miller, Andrew and Shi, Elaine and Kosba, Ahmed and Katz, Jonathan},
	Date-Added = {2018-04-29 15:53:10 +0000},
	Date-Modified = {2018-04-29 15:53:10 +0000},
	Title = {{Nonoutsourceable Scratch-Off Puzzles to Discourage Bitcoin Mining Coalitions (preprint)}},
	Year = {2014}}

@misc{overstock,
	Author = {Overstock, Inc.},
	Date-Added = {2018-04-29 15:53:10 +0000},
	Date-Modified = {2018-04-29 15:53:10 +0000},
	Howpublished = {Press Release. \url{http://investors.overstock.com/phoenix.zhtml?c=131091&p=irol-newsArticle&ID=1889670}},
	Title = {Overstock.com First Online Retailer to Accept Bitcoin},
	Year = {2014}}

@misc{pegging,
	Author = {Back, Adam and Corallo, Matt and Dashjr, Luke and Friedenbach, Mark and Maxwell, Gregory and Miller, Andrew and Poelstra, Andrew and Tim{\'o}n, Jorge and Wuille, Pieter},
	Date-Added = {2018-04-29 15:53:10 +0000},
	Date-Modified = {2018-04-29 15:53:10 +0000},
	Title = {Enabling Blockchain Innovations with Pegged Sidechains},
	Year = {2014}}

@misc{proofofactivity,
	Author = {Iddo Bentov and Charles Lee and Alex Mizrahi and Meni Rosenfeld},
	Date-Added = {2018-04-29 15:53:10 +0000},
	Date-Modified = {2018-04-29 15:53:10 +0000},
	Howpublished = {Cryptology ePrint Archive, Report 2014/452},
	Title = {{Proof of Activity: Extending Bitcoin's Proof of Work via Proof of Stake}},
	Year = {2014}}

@misc{pseudonymous,
	Author = {Jonathan Katz and Andrew Miller and Elaine Shi},
	Date-Added = {2018-04-29 15:53:10 +0000},
	Date-Modified = {2018-04-29 15:53:10 +0000},
	Howpublished = {Cryptology ePrint Archive, Report 2014/857},
	Title = {Pseudonymous Secure Computation from Time-Lock Puzzles},
	Year = {2014}}

@inproceedings{sasson2014zerocash,
	Author = {Eli Ben-Sasson and Alessandro Chiesa and Christina Garman and Matthew Green and Ian Miers and Eran Tromer and Madars Virza},
	Booktitle = {S{\&}P},
	Date-Added = {2018-04-29 15:53:10 +0000},
	Date-Modified = {2018-04-29 15:53:10 +0000},
	Title = {Zerocash: Decentralized Anonymous Payments from {B}itcoin},
	Year = {2014}}

@inproceedings{tears,
	Author = {Jansen, Rob and Miller, Andrew and Syverson, Paul and Ford, Bryan},
	Booktitle = {{HotPETS}},
	Date-Added = {2018-04-29 15:53:10 +0000},
	Date-Modified = {2018-04-29 15:53:10 +0000},
	Title = {{From onions to shallots: Rewarding Tor relays with TEARS}},
	Year = {2014}}

@techreport{tromp2014cuckoo,
	Author = {Tromp, John},
	Date-Added = {2018-04-29 15:53:10 +0000},
	Date-Modified = {2018-04-29 15:53:10 +0000},
	Institution = {IACR Cryptology ePrint Archive},
	Pages = {59},
	Title = {{Cuckoo Cycle: a memory-hard proof-of-work system}},
	Volume = {2014},
	Year = {2014}}

@inproceedings{vasek2014empirical,
	Author = {Vasek, Marie and Thornton, Micah and Moore, Tyler},
	Booktitle = {{BITCOIN}},
	Date-Added = {2018-04-29 15:53:10 +0000},
	Date-Modified = {2018-04-29 15:53:10 +0000},
	Month = Jan,
	Title = {{Empirical analysis of denial-of-service attacks in the Bitcoin ecosystem}},
	Year = {2014}}

@inproceedings{versum,
	Author = {van den Hooff, Jelle and Kaashoek, M Frans and Zeldovich, Nickolai},
	Booktitle = {Proceedings of the 2014 ACM SIGSAC Conference on Computer and Communications Security},
	Date-Added = {2018-04-29 15:53:10 +0000},
	Date-Modified = {2018-04-29 15:53:10 +0000},
	Organization = {ACM},
	Pages = {1304--1316},
	Title = {VerSum: Verifiable Computations over Large Public Logs},
	Year = {2014}}

@article{krugman-evil,
	Author = {Paul Krugman},
	Date-Added = {2018-04-29 15:53:10 +0000},
	Date-Modified = {2018-04-29 15:53:10 +0000},
	Journal = {The New York Times},
	Month = {Dec},
	Title = {{Bitcoin is Evil}},
	Year = {2013}}

@misc{maaku-utxo,
	Author = {Mark Freidenbach},
	Date-Added = {2018-04-29 15:53:10 +0000},
	Date-Modified = {2018-04-29 15:53:10 +0000},
	Howpublished = {Bitcoin Improvement Proposal: \url{https://github.com/maaku/bips/blob/master/drafts/auth-trie.mediawiki}},
	Month = {December},
	Title = {Authenticated prefix trees},
	Year = {2013}}

@article{tv-theft,
	Author = {Sam Ro},
	Date-Added = {2018-04-29 15:53:10 +0000},
	Date-Modified = {2018-04-29 15:53:10 +0000},
	Journal = {Business Insider},
	Month = {December},
	Title = {{A Bloomberg TV Host Gifted Bitcoin On Air And It Immediately Got Stolen}},
	Year = {2013}}

@misc{bluematt-relay,
	Author = {Matt Corallo},
	Date-Added = {2018-04-29 15:53:10 +0000},
	Date-Modified = {2018-04-29 15:53:10 +0000},
	Month = {November},
	Title = {{High-speed Bitcoin Relay Network}},
	Year = {2013}}

@misc{senatehearing,
	Author = {U S SENATE},
	Date-Added = {2018-04-29 15:53:10 +0000},
	Date-Modified = {2018-04-29 15:53:10 +0000},
	Howpublished = {\url{http://www.banking.senate.gov/public/index.cfm?FuseAction=Hearings.Hearing&Hearing_ID=955322cc-d648-4a00-a41f-c23be8ff4cad}},
	Month = {November},
	Title = {THE PRESENT AND FUTURE IMPACT OF VIRTUAL CURRENCY},
	Year = {2013}}

@misc{featherforking,
	Author = {Andrew Miller},
	Date-Added = {2018-04-29 15:53:10 +0000},
	Date-Modified = {2018-04-29 15:53:10 +0000},
	Howpublished = {\url{bitcointalk.org}},
	Month = {October},
	Title = {Feather-forks: enforcing a blacklist with sub-50\% hash power},
	Year = {2013}}

@misc{mmr,
	Author = {Peter Todd and Gregory Maxwell and Oleg Andreev},
	Date-Added = {2018-04-29 15:53:10 +0000},
	Date-Modified = {2018-04-29 15:53:10 +0000},
	Howpublished = {\url{bitcointalk.org}},
	Month = {October},
	Title = {{Reducing UTXO: users send parent transactions with their merkle branches}},
	Year = {2013}}

@misc{freimarkets,
	Author = {Mark Friedenbach and Jorge Timon},
	Date-Added = {2018-04-29 15:53:10 +0000},
	Date-Modified = {2018-04-29 15:53:10 +0000},
	Howpublished = {\url{http://freico.in/docs/freimarkets.pdf}},
	Month = {August},
	Title = {{Freimarkets: extending bitcoin protocol with user-specified bearer instruments, peer-to-peer exchange, off-chain accounting, auctions, derivatives and transitive transactions}},
	Year = {2013}}

@misc{tradehill,
	Author = {Johann Summers},
	Date-Added = {2018-04-29 15:53:10 +0000},
	Date-Modified = {2018-04-29 15:53:10 +0000},
	Howpublished = {http://bitcoinmagazine.com/6662/tradehill-confirms-trading-suspension/},
	Month = {August},
	Title = {Tradehill confirms trading suspension},
	Year = {2013}}

@misc{bip70,
	Author = {Andresen, Gavin and Hearn, Mike},
	Date-Added = {2018-04-29 15:53:10 +0000},
	Date-Modified = {2018-04-29 15:53:10 +0000},
	Howpublished = {BIP 70},
	Month = {July},
	Title = {{Payment Protocol}},
	Year = {2013}}

@inproceedings{kroll2013bitcoin:weis,
	Author = {Joshua A. Kroll and Ian C. Davey and Edward W. Felten},
	Booktitle = {{WEIS}},
	Date-Added = {2018-04-29 15:53:10 +0000},
	Date-Modified = {2018-04-29 15:53:10 +0000},
	Location = {Washington, DC},
	Month = Jun,
	Title = {The Economics of {B}itcoin Mining, or {B}itcoin in the Presence of Adversaries},
	Year = 2013}

@misc{tiernolan,
	Author = {Tier Nolan},
	Date-Added = {2018-04-29 15:53:10 +0000},
	Date-Modified = {2018-04-29 15:53:10 +0000},
	Howpublished = {\url{bitcointalk.org}},
	Month = {May},
	Title = {{Alt chains and atomic transfers}},
	Year = {2013},
	Bdsk-Url-1 = {https://bitcointalk.org/index.php?topic=193281#msg2224949}}

@misc{bitcoin-fork-news,
	Author = {Timothy B. Lee},
	Date-Added = {2018-04-29 15:53:10 +0000},
	Date-Modified = {2018-04-29 15:53:10 +0000},
	Howpublished = {Ars Technica},
	Month = {March},
	Title = {Major glitch in {B}itcoin network sparks sell-off; price temporarily falls 23\%},
	Year = {2013}}

@inproceedings{altcoins,
	Author = {Ahamad, ShaikShakeel and Varghese, Madhusoodhnan Nair2and Biju},
	Booktitle = {AET-ACE},
	Date-Added = {2018-04-29 15:53:10 +0000},
	Date-Modified = {2018-04-29 15:53:10 +0000},
	Title = {A Survey on Crypto Currencies},
	Year = {2013}}

@techreport{bahack,
	Author = {Lear Bahack},
	Date-Added = {2018-04-29 15:53:10 +0000},
	Date-Modified = {2018-04-29 15:53:10 +0000},
	Institution = {CoRR},
	Number = {abs/1312.7013},
	Title = {{Theoretical Bitcoin Attacks with less than Half of the Computational Power (draft)}},
	Year = {2013}}

@inproceedings{bespoke,
	Author = {Taylor, Michael Bedford},
	Booktitle = {{CASES}},
	Date-Added = {2018-04-29 15:53:10 +0000},
	Date-Modified = {2018-04-29 15:53:10 +0000},
	Title = {{Bitcoin and the age of bespoke Silicon}},
	Year = {2013}}

@inproceedings{bitcoinsnack,
	Author = {Bamert, Tobias and Decker, Christian and Elsen, Lennart and Wattenhofer, Roger and Welten, Samuel},
	Booktitle = {{IEEE P2P}},
	Date-Added = {2018-04-29 15:53:10 +0000},
	Date-Modified = {2018-04-29 15:53:10 +0000},
	Organization = {IEEE},
	Pages = {1--5},
	Title = {{Have a snack, pay with Bitcoins}},
	Year = {2013}}

@misc{bitpesa,
	Author = {Richard Boase},
	Date-Added = {2018-04-29 15:53:10 +0000},
	Date-Modified = {2018-04-29 15:53:10 +0000},
	Howpublished = {\url{http://www.coindesk.com/bitpesa-uses-bitcoin-slash-kenyan-remittance-costs/}},
	Title = {BitPesa Uses Bitcoin to Slash Kenyan Remittance Costs},
	Year = {2013}}

@article{certificatetransparency,
	Author = {Laurie, Ben and Langley, Adam and Kasper, E},
	Date-Added = {2018-04-29 15:53:10 +0000},
	Date-Modified = {2018-04-29 15:53:10 +0000},
	Journal = {Network Working Group Internet-Draft, v12, work in progress. http://tools. ietf. org/html/draft-laurie-pki-sunlight-12},
	Title = {{Certificate transparency}},
	Year = {2013}}

@misc{coinjoin,
	Author = {Maxwell, Gregory},
	Date-Added = {2018-04-29 15:53:10 +0000},
	Date-Modified = {2018-04-29 15:53:10 +0000},
	Howpublished = {\url{bitcointalk.org}},
	Title = {{CoinJoin: Bitcoin privacy for the real world}},
	Year = {2013}}

@misc{coinswap,
	Author = {Maxwell, Gregory},
	Date-Added = {2018-04-29 15:53:10 +0000},
	Date-Modified = {2018-04-29 15:53:10 +0000},
	Howpublished = {\url{bitcointalk.org}},
	Title = {{CoinSwap: Transaction graph disjoint trustless trading}},
	Year = {2013}}

@article{cryptonote,
	Author = {van Saberhagen, Nicolas},
	Date-Added = {2018-04-29 15:53:10 +0000},
	Date-Modified = {2018-04-29 15:53:10 +0000},
	Journal = {\url{https://goo.gl/kfojVZ}},
	Title = {Cryptonote v 2.0},
	Year = {2013}}

@article{decentral-mix,
	Author = {Coutu, O},
	Date-Added = {2018-04-29 15:53:10 +0000},
	Date-Modified = {2018-04-29 15:53:10 +0000},
	Journal = {{Bitcoin Conference}},
	Title = {{Decentralized Mixers in {B}itcoin}},
	Year = {2013}}

@inproceedings{decker2013information,
	Author = {Decker, Christian and Wattenhofer, Roger},
	Booktitle = {{IEEE P2P}},
	Date-Added = {2018-04-29 15:53:10 +0000},
	Date-Modified = {2018-04-29 15:53:10 +0000},
	Organization = {IEEE},
	Pages = {1--10},
	Title = {{Information propagation in the bitcoin network}},
	Year = {2013}}

@incollection{drses,
	Author = {Miller, Mark S. and Van Cutsem, Tom and Tulloh, Bill},
	Booktitle = {Programming Languages and Systems},
	Date-Added = {2018-04-29 15:53:10 +0000},
	Date-Modified = {2018-04-29 15:53:10 +0000},
	Title = {Distributed Electronic Rights in JavaScript},
	Year = {2013}}

@inproceedings{fistful,
	Author = {Meiklejohn, Sarah and Pomarole, Marjori and Jordan, Grant and Levchenko, Kirill and McCoy, Damon and Voelker, Geoffrey M and Savage, Stefan},
	Booktitle = {{IMC}},
	Date-Added = {2018-04-29 15:53:10 +0000},
	Date-Modified = {2018-04-29 15:53:10 +0000},
	Title = {{A Fistful of Bitcoins: Characterizing Payments Among Men with No Names}},
	Year = {2013}}

@article{ghost,
	Author = {Sompolinsky, Y and Zohar, A},
	Date-Added = {2018-04-29 15:53:10 +0000},
	Date-Modified = {2018-04-29 15:53:10 +0000},
	Journal = {Not Chains},
	Title = {Accelerating Bitcoin's Transaction Processing Fast Money Grows on Trees},
	Year = {2013}}

@misc{mastercoin,
	Author = {J. R. Willett},
	Date-Added = {2018-04-29 15:53:10 +0000},
	Date-Modified = {2018-04-29 15:53:10 +0000},
	Title = {{MasterCoin Complete Specification, v1.1}},
	Year = {2013}}

@misc{merge-avoidance,
	Author = {Mike Hearn},
	Date-Added = {2018-04-29 15:53:10 +0000},
	Date-Modified = {2018-04-29 15:53:10 +0000},
	Howpublished = {\url{medium.com}},
	Title = {{Merge-Avoidance: a note on privacy-enhancing techniques in the Bitcoin protocol}},
	Year = {2013}}

@misc{micropayments,
	Author = {Mike Hearn},
	Date-Added = {2018-04-29 15:53:10 +0000},
	Date-Modified = {2018-04-29 15:53:10 +0000},
	Howpublished = {\url{bitcointalk.org}},
	Title = {{Rapidly-adjusted (micro)payments to a pre-determined party}},
	Year = {2013}}

@inproceedings{miers2013zerocoin,
	Author = {Miers, Ian and Garman, Christina and Green, Matthew and Rubin, Aviel D},
	Booktitle = {{S{\&}}P},
	Date-Added = {2018-04-29 15:53:10 +0000},
	Date-Modified = {2018-04-29 15:53:10 +0000},
	Title = {{Zerocoin: Anonymous Distributed E-Cash from Bitcoin}},
	Year = {2013}}

@inproceedings{oakland-lottery,
	Author = {Andrychowicz, Marcin and Dziembowski, Stefan and Malinowski, Daniel and Mazurek, Lukasz},
	Booktitle = {{S{\&}P}},
	Date-Added = {2018-04-29 15:53:10 +0000},
	Date-Modified = {2018-04-29 15:53:10 +0000},
	Title = {{Secure Multiparty Computations on Bitcoin}},
	Year = {2013}}

@inproceedings{pinocchiocoin,
	Author = {Danezis, George and Fournet, Cedric and Kohlweiss, Markulf and Parno, Bryan},
	Booktitle = {{PETShop}},
	Date-Added = {2018-04-29 15:53:10 +0000},
	Date-Modified = {2018-04-29 15:53:10 +0000},
	Title = {{Pinocchio Coin: building Zerocoin from a succinct pairing-based proof system}},
	Year = {2013}}

@misc{primecoin,
	Author = {King, Sunny},
	Date-Added = {2018-04-29 15:53:10 +0000},
	Date-Modified = {2018-04-29 15:53:10 +0000},
	Publisher = {July},
	Title = {{Primecoin: Cryptocurrency with prime number proof-of-work}},
	Year = {2013}}

@incollection{reid2013analysis,
	Author = {Reid, Fergal and Harrigan, Martin},
	Booktitle = {{Security and Privacy in Social Networks}},
	Date-Added = {2018-04-29 15:53:10 +0000},
	Date-Modified = {2018-04-29 15:53:10 +0000},
	Pages = {197--223},
	Publisher = {Springer},
	Title = {{An analysis of anonymity in the bitcoin system}},
	Year = {2013}}

@inproceedings{ron2013quantitative,
	Author = {Ron, Dorit and Shamir, Adi},
	Booktitle = {{FC}},
	Date-Added = {2018-04-29 15:53:10 +0000},
	Date-Modified = {2018-04-29 15:53:10 +0000},
	Title = {{Quantitative Analysis of the Full Bitcoin Transaction Graph}},
	Year = 2013}

@misc{shavers,
	Date-Added = {2018-04-29 15:53:10 +0000},
	Date-Modified = {2018-04-29 15:53:10 +0000},
	Howpublished = {\url{https://www.sec.gov/litigation/complaints/2013/comp-pr2013-132.pdf}},
	Key = {SEC},
	Title = {{SEC vs Shavers}},
	Year = {2013}}

@inproceedings{silkroad,
	Author = {Christin, Nicolas},
	Booktitle = {{WWW}},
	Date-Added = {2018-04-29 15:53:10 +0000},
	Date-Modified = {2018-04-29 15:53:10 +0000},
	Title = {{Traveling the Silk Road: A measurement analysis of a large anonymous online marketplace}},
	Year = {2013}}

@misc{silkroadStudy,
	Author = {Timothy Bauman},
	Date-Added = {2018-04-29 15:53:10 +0000},
	Date-Modified = {2018-04-29 15:53:10 +0000},
	Howpublished = {Princeton University Senior Thesis},
	Title = {{Commerce and Reputation in Online Illegal Drug Markets}},
	Year = 2013}

@inproceedings{snarks,
	Author = {Ben-Sasson, Eli and Chiesa, Alessandro and Genkin, Daniel and Tromer, Eran and Virza, Madars},
	Booktitle = {{CRYPTO}},
	Date-Added = {2018-04-29 15:53:10 +0000},
	Date-Modified = {2018-04-29 15:53:10 +0000},
	Title = {{SNARKs for C: Verifying program executions succinctly and in zero knowledge}},
	Year = {2013}}

@misc{proofofburn,
	Author = {Iain Stewart},
	Date-Added = {2018-04-29 15:53:10 +0000},
	Date-Modified = {2018-04-29 15:53:10 +0000},
	Howpublished = {\url{bitcoin.it}},
	Month = {December},
	Title = {{Proof of burn}},
	Year = {2012}}

@misc{peercoin,
	Author = {Sunny King and Scott Nadal},
	Date-Added = {2018-04-29 15:53:10 +0000},
	Date-Modified = {2018-04-29 15:53:10 +0000},
	Month = {August},
	Title = {{PPCoin: Peer-to-Peer Crypto-Currency with Proof-of-Stake}},
	Year = {2012}}

@misc{p2ptradex,
	Author = {Sergio Demian Lerner},
	Date-Added = {2018-04-29 15:53:10 +0000},
	Date-Modified = {2018-04-29 15:53:10 +0000},
	Howpublished = {\url{bitcointalk.org}},
	Month = {July},
	Title = {{P2PTradeX: P2P Trading between cryptocurrencies}},
	Year = {2012}}

@inproceedings{babaioff2012bitcoin,
	Author = {Babaioff, Moshe and Dobzinski, Shahar and Oren, Sigal and Zohar, Aviv},
	Booktitle = {{EC}},
	Date-Added = {2018-04-29 15:53:10 +0000},
	Date-Modified = {2018-04-29 15:53:10 +0000},
	Organization = {ACM},
	Pages = {56--73},
	Title = {{On Bitcoin and Red Balloons}},
	Year = {2012}}

@inproceedings{barber2013bitter,
	Author = {Simon Barber and Xavier Boyen and Elaine Shi and and Ersin Uzun},
	Booktitle = {{Financial Cryptography}},
	Date-Added = {2018-04-29 15:53:10 +0000},
	Date-Modified = {2018-04-29 15:53:10 +0000},
	Title = {{Bitter to Better---How to Make Bitcoin a Better Currency}},
	Year = 2012}

@inproceedings{becker2012can,
	Author = {Becker, J{\"o}rg and Breuker, Dominic and Heide, Tobias and Holler, Justus and Rauer, Hans and B{\"o}hme, Rainer},
	Booktitle = {{WEIS}},
	Date-Added = {2018-04-29 15:53:10 +0000},
	Date-Modified = {2018-04-29 15:53:10 +0000},
	Title = {{Can We Afford Integrity by Proof-of-Work? Scenarios Inspired by the Bitcoin Currency}},
	Year = {2012}}

@misc{bitcointalk-bondmarkets,
	Author = {Mike Hearn},
	Date-Added = {2018-04-29 15:53:10 +0000},
	Date-Modified = {2018-04-29 15:53:10 +0000},
	Howpublished = {\url{bitcointalk.org}},
	Title = {{Distributed bond markets and pay-to-policy outputs}},
	Year = {2012},
	Bdsk-Url-1 = {https://bitcointalk.org/index.php?topic=92421.0}}

@misc{bitcointalk-coloredcoins,
	Author = {killerstorm},
	Date-Added = {2018-04-29 15:53:10 +0000},
	Date-Modified = {2018-04-29 15:53:10 +0000},
	Howpublished = {\url{bitcointalk.org}},
	Title = {{ArmoryX (colored coins): issue and trade private currencies/stocks/bonds/etc}},
	Year = {2012},
	Bdsk-Url-1 = {https://bitcointalk.org/index.php?topic=106373.0}}

@misc{coloredcoins,
	Author = {Meni Rosenfeld},
	Date-Added = {2018-04-29 15:53:10 +0000},
	Date-Modified = {2018-04-29 15:53:10 +0000},
	Title = {{Overview of Colored Coins}},
	Url = {https://bitcoil.co.il/BitcoinX.pdf},
	Year = {2012},
	Bdsk-Url-1 = {https://bitcoil.co.il/BitcoinX.pdf}}

@inproceedings{commitcoin,
	Author = {Clark, Jeremy and Essex, Aleksander},
	Booktitle = {{Financial Cryptography}},
	Date-Added = {2018-04-29 15:53:10 +0000},
	Date-Modified = {2018-04-29 15:53:10 +0000},
	Title = {{CommitCoin: carbon dating commitments with Bitcoin}},
	Year = {2012}}

@misc{fbibitcoin,
	Author = {{FBI Directorate of Intelligence Cyber Intelligence Section and Criminal Intelligence Section}},
	Date-Added = {2018-04-29 15:53:10 +0000},
	Date-Modified = {2018-04-29 15:53:10 +0000},
	Howpublished = {\url{http://www.wired.com/images_blogs/threatlevel/2012/05/Bitcoin-FBI.pdf}},
	Title = {{Bitcoin Virtual Currency: Unique Features Present Distinct Challenges for Deterring Illicit Activity}},
	Year = 2012}

@misc{jgarzik-smartcoin,
	Author = {Jeff Garzik},
	Date-Added = {2018-04-29 15:53:10 +0000},
	Date-Modified = {2018-04-29 15:53:10 +0000},
	Title = {{Smartcoin: Distributed smart property software}},
	Url = {https://github.com/jgarzik/smartcoin},
	Year = {2012},
	Bdsk-Url-1 = {https://github.com/jgarzik/smartcoin}}

@inproceedings{karame2012double,
	Author = {Karame, Ghassan O and Androulaki, Elli and Capkun, Srdjan},
	Booktitle = {{CCS}},
	Date-Added = {2018-04-29 15:53:10 +0000},
	Date-Modified = {2018-04-29 15:53:10 +0000},
	Title = {Double-spending fast payments in {B}itcoin},
	Year = {2012}}

@misc{paytoscripthash,
	Author = {Gavin Andresen},
	Date-Added = {2018-04-29 15:53:10 +0000},
	Date-Modified = {2018-04-29 15:53:10 +0000},
	Howpublished = {BIP 16},
	Month = {1},
	Title = {{Pay to Script Hash}},
	Year = {2012}}

@misc{scrypt,
	Author = {Percival, Colin and Josefsson, Simon},
	Date-Added = {2018-04-29 15:53:10 +0000},
	Date-Modified = {2018-04-29 15:53:10 +0000},
	Title = {{The scrypt Password-Based Key Derivation Function}},
	Year = {2012}}

@inproceedings{shadow-2,
	Author = {Jansen, Rob and Bauer, Kevin S and Hopper, Nicholas and Dingledine, Roger},
	Booktitle = {CSET},
	Date-Added = {2018-04-29 15:53:10 +0000},
	Date-Modified = {2018-04-29 15:53:10 +0000},
	Title = {Methodically Modeling the Tor Network.},
	Year = {2012}}

@inproceedings{trustbets,
	Author = {Goel, Sharad and Pennock, David M and Mahdian, Mohammad and Reeves, Daniel M},
	Booktitle = {AAMAS},
	Date-Added = {2018-04-29 15:53:10 +0000},
	Date-Modified = {2018-04-29 15:53:10 +0000},
	Title = {TrustBets: betting over an IOU network},
	Year = {2012}}

@misc{grinbert-innovative,
	Author = {Reuben Grinberg},
	Date-Added = {2018-04-29 15:53:10 +0000},
	Date-Modified = {2018-04-29 15:53:10 +0000},
	Month = {November},
	Title = {{Bitcoin: An Innovative Alternative Digital Currency}},
	Year = {2011}}

@misc{opeval,
	Author = {Gavin Andresen},
	Date-Added = {2018-04-29 15:53:10 +0000},
	Date-Modified = {2018-04-29 15:53:10 +0000},
	Howpublished = {Bitcoin Improvement Proposal: \url{https://github.com/bitcoin/bips/blob/master/bip-0012.mediawiki}},
	Month = {October},
	Title = {OP\_EVAL},
	Year = {2011}}

@misc{greenaddress,
	Author = {jav},
	Date-Added = {2018-04-29 15:53:10 +0000},
	Date-Modified = {2018-04-29 15:53:10 +0000},
	Howpublished = {\url{bitcointalk.org}},
	Month = {July},
	Title = {{Instawallet introduces new approach to instant payment: Green address technique}},
	Year = {2011}}

@misc{proofofstake,
	Author = {QuantumMechanic},
	Date-Added = {2018-04-29 15:53:10 +0000},
	Date-Modified = {2018-04-29 15:53:10 +0000},
	Howpublished = {\url{bitcointalk.org}},
	Month = {July},
	Title = {{Proof of stake instead of proof of work}},
	Year = {2011}}

@misc{infostealer,
	Author = {Doherty, Steven},
	Date-Added = {2018-04-29 15:53:10 +0000},
	Date-Modified = {2018-04-29 15:53:10 +0000},
	Howpublished = {Symantec Security Report},
	Month = {June},
	Title = {{Infostealer.Coinbit}},
	Year = {2011}}

@incollection{Bel11,
	Author = {M Belenkiy},
	Booktitle = {{Handbook of Financial Cryptography and Security}},
	Date-Added = {2018-04-29 15:53:10 +0000},
	Date-Modified = {2018-04-29 15:53:10 +0000},
	Publisher = {CRC},
	Title = {{E-Cash}},
	Year = {2011}}

@misc{bitcoin-otc,
	Author = {Bitcoin Money},
	Date-Added = {2018-04-29 15:53:10 +0000},
	Date-Modified = {2018-04-29 15:53:10 +0000},
	Howpublished = {\url{http://bitcoinmoney.com/post/4585101363/first-bitcoin-put-option-contract}},
	Title = {Bitcoin options trading on the Bitcoin OTC marketplace},
	Year = {2011}}

@misc{lauriecoin,
	Author = {Laurie, Ben},
	Date-Added = {2018-04-29 15:53:10 +0000},
	Date-Modified = {2018-04-29 15:53:10 +0000},
	Title = {{An Efficient Distributed Currency}},
	Year = {2011}}

@misc{laurieimpossible,
	Author = {Laurie, Ben},
	Date-Added = {2018-04-29 15:53:10 +0000},
	Date-Modified = {2018-04-29 15:53:10 +0000},
	Title = {{Decentralised currencies are probably impossible (but let's at least make them efficient)}},
	Year = {2011}}

@inproceedings{liquidity,
	Author = {Dandekar, Pranav and Goel, Ashish and Govindan, Ramesh and Post, Ian},
	Booktitle = {EC},
	Date-Added = {2018-04-29 15:53:10 +0000},
	Date-Modified = {2018-04-29 15:53:10 +0000},
	Title = {Liquidity in credit networks: A little trust goes a long way},
	Year = {2011}}

@misc{manchinletter,
	Author = {Charles E. Schumer and Joe Manchin},
	Date-Added = {2018-04-29 15:53:10 +0000},
	Date-Modified = {2018-04-29 15:53:10 +0000},
	Howpublished = {\url{http://manchin.senate.gov/public/index.cfm/press-releases?ID=284ae54a-acf1-4258-be1c-7acee1f7e8b3}},
	Title = {{Manchin Urges Federal Law Enforcement to Shut Down Online Black Market for Illegal Drugs}},
	Year = 2011}

@incollection{Par11,
	Author = {Robert Parhonyi},
	Booktitle = {{Handbook of Financial Cryptography and Security}},
	Date-Added = {2018-04-29 15:53:10 +0000},
	Date-Modified = {2018-04-29 15:53:10 +0000},
	Publisher = {CRC},
	Title = {{Micropayment Systems}},
	Year = {2011}}

@techreport{rosenfeld,
	Author = {Meni Rosenfeld},
	Date-Added = {2018-04-29 15:53:10 +0000},
	Date-Modified = {2018-04-29 15:53:10 +0000},
	Institution = {CoRR},
	Title = {{Analysis of Bitcoin Pooled Mining Reward Systems}},
	Year = {2011},
	Bdsk-Url-1 = {http://arxiv.org/abs/1112.4980}}

@misc{scalability-tps,
	Author = {Mike Hearn},
	Date-Added = {2018-04-29 15:53:10 +0000},
	Date-Modified = {2018-04-29 15:53:10 +0000},
	Howpublished = {\url{bitcointalk.org}},
	Title = {{Dan Kaminsky's thoughts on scalability}},
	Year = {2011}}

@techreport{shadow,
	Author = {Jansen, Rob and Hooper, Nicholas},
	Date-Added = {2018-04-29 15:53:10 +0000},
	Date-Modified = {2018-04-29 15:53:10 +0000},
	Institution = {DTIC Document},
	Title = {Shadow: Running Tor in a box for accurate and efficient experimentation},
	Year = {2011}}

@misc{bytecoin-selfishmining,
	Author = {ByteCoin},
	Date-Added = {2018-04-29 15:53:10 +0000},
	Date-Modified = {2018-04-29 15:53:10 +0000},
	Howpublished = {\url{bitcointalk.org}},
	Month = {December},
	Title = {{Selfish mining bytecoin}},
	Year = {2010}}

@book{dunbarnumber,
	Author = {Dunbar, Robin},
	Date-Added = {2018-04-29 15:53:10 +0000},
	Date-Modified = {2018-04-29 15:53:10 +0000},
	Publisher = {Faber \& Faber},
	Title = {How many friends does one person need?: Dunbar's number and other evolutionary quirks},
	Year = {2010}}

@incollection{advogato,
	Author = {Levien, Raph},
	Booktitle = {Computing with Social Trust},
	Date-Added = {2018-04-29 15:53:10 +0000},
	Date-Modified = {2018-04-29 15:53:10 +0000},
	Title = {Attack-resistant trust metrics},
	Year = {2009}}

@inproceedings{facebook-diameter,
	Author = {Wilson, Christo and Boe, Bryce and Sala, Alessandra and Puttaswamy, Krishna PN and Zhao, Ben Y},
	Booktitle = {EuroSys},
	Date-Added = {2018-04-29 15:53:10 +0000},
	Date-Modified = {2018-04-29 15:53:10 +0000},
	Title = {User interactions in social networks and their implications},
	Year = {2009}}

@misc{satoshi-bitcoin,
	Author = {Satoshi Nakamoto},
	Date-Added = {2018-04-29 15:53:10 +0000},
	Date-Modified = {2018-04-29 15:53:10 +0000},
	Howpublished = {\url{http://bitcoin.org/bitcoin.pdf}},
	Title = {{Bitcoin: A Peer-to-Peer Electronic Cash System}},
	Year = {2009}}

@article{socialcollateral,
	Author = {Karlan, Dean and Mobius, Markus and Rosenblat, Tanya and Szeidl, Adam},
	Date-Added = {2018-04-29 15:53:10 +0000},
	Date-Modified = {2018-04-29 15:53:10 +0000},
	Journal = {The Quarterly Journal of Economics},
	Title = {Trust and social collateral},
	Year = {2009}}

@article{canetti2006limitations,
	Author = {Canetti, Ran and Kushilevitz, Eyal and Lindell, Yehuda},
	Date-Added = {2018-04-29 15:53:10 +0000},
	Date-Modified = {2018-04-29 15:53:10 +0000},
	Journal = {Journal of Cryptology},
	Number = {2},
	Pages = {135--167},
	Publisher = {Springer},
	Title = {On the limitations of universally composable two-party computation without set-up assumptions},
	Volume = {19},
	Year = {2006}}

@inproceedings{filmtrust,
	Author = {Golbeck, Jennifer and Hendler, James},
	Booktitle = {IEEE CCNC},
	Date-Added = {2018-04-29 15:53:10 +0000},
	Date-Modified = {2018-04-29 15:53:10 +0000},
	Title = {Filmtrust: Movie recommendations using trust in web-based social networks},
	Year = {2006}}

@inproceedings{camenisch2005compact,
	Author = {Camenisch, Jan and Hohenberger, Susan and Lysyanskaya, Anna},
	Booktitle = {{EUROCRYPT}},
	Date-Added = {2018-04-29 15:53:10 +0000},
	Date-Modified = {2018-04-29 15:53:10 +0000},
	Title = {{Compact e-cash}},
	Year = {2005}}

@techreport{impostors,
	Author = {Aspnes, James and Jackson, Collin and Krishnamurthy, Arvind},
	Date-Added = {2018-04-29 15:53:10 +0000},
	Date-Modified = {2018-04-29 15:53:10 +0000},
	Institution = {Yale},
	Title = {{Exposing computationally-challenged Byzantine impostors}},
	Year = {2005}}

@incollection{okun2005agreement,
	Author = {Okun, Michael},
	Booktitle = {{Distributed Computing}},
	Date-Added = {2018-04-29 15:53:10 +0000},
	Date-Modified = {2018-04-29 15:53:10 +0000},
	Title = {{Agreement among unacquainted Byzantine generals}},
	Year = {2005}}

@inproceedings{trustdavis,
	Author = {DeFigueiredo, Dimitri do B and Barr, Earl T},
	Booktitle = {CEC},
	Date-Added = {2018-04-29 15:53:10 +0000},
	Date-Modified = {2018-04-29 15:53:10 +0000},
	Title = {TrustDavis: A Non-Exploitable Online Reputation System.},
	Year = {2005}}

@inproceedings{laurie2004proof,
	Author = {Laurie, Ben and Clayton, Richard},
	Booktitle = {{WEIS}},
	Date-Added = {2018-04-29 15:53:10 +0000},
	Date-Modified = {2018-04-29 15:53:10 +0000},
	Title = {{Proof-of-work proves not to work}},
	Volume = {2004},
	Year = {2004}}

@inproceedings{peppercoin,
	Author = {Rivest, Ronald L},
	Booktitle = {{Financial Cryptography}},
	Date-Added = {2018-04-29 15:53:10 +0000},
	Date-Modified = {2018-04-29 15:53:10 +0000},
	Title = {{Peppercoin micropayments}},
	Year = {2004}}

@inproceedings{karma,
	Author = {Vishnumurthy, Vivek and Chandrakumar, Sangeeth and Sirer, Emin Gun},
	Booktitle = {{Workshop on Economics of Peer-to-Peer Systems}},
	Date-Added = {2018-04-29 15:53:10 +0000},
	Date-Modified = {2018-04-29 15:53:10 +0000},
	Title = {{Karma: A secure economic framework for peer-to-peer resource sharing}},
	Volume = {35},
	Year = {2003}}

@inproceedings{lindell2003general,
	Author = {Lindell, Yehuda},
	Booktitle = {FOCD},
	Date-Added = {2018-04-29 15:53:10 +0000},
	Date-Modified = {2018-04-29 15:53:10 +0000},
	Title = {General composition and universal composability in secure multi-party computation},
	Year = {2003}}

@book{skyrms2003stag,
	Author = {Skyrms, Brian},
	Date-Added = {2018-04-29 15:53:10 +0000},
	Date-Modified = {2018-04-29 15:53:10 +0000},
	Publisher = {Cambridge University Press},
	Title = {{The stag hunt and the evolution of social structure}},
	Year = {2003}}

@misc{back2002hashcash,
	Author = {Back, Adam and others},
	Date-Added = {2018-04-29 15:53:10 +0000},
	Date-Modified = {2018-04-29 15:53:10 +0000},
	Title = {{Hashcash-a denial of service counter-measure}},
	Year = {2002}}

@techreport{foldingathome,
	Author = {Larson, Stefan M and Snow, Christopher D and Shirts, Michael and others},
	Date-Added = {2018-04-29 15:53:10 +0000},
	Date-Modified = {2018-04-29 15:53:10 +0000},
	Institution = {arXiv preprint},
	Publisher = {Citeseer},
	Title = {{Folding@ Home and Genome@ Home: Using distributed computing to tackle previously intractable problems in computational biology}},
	Year = {2002}}

@inproceedings{auditable2,
	Author = {Sander, Tomas and Ta-Shma, Amnon and Yung, Moti},
	Booktitle = {{Financial Cryptography}},
	Date-Added = {2018-04-29 15:53:10 +0000},
	Date-Modified = {2018-04-29 15:53:10 +0000},
	Title = {{Blind, auditable membership proofs}},
	Year = {2001}}

@inproceedings{miller2001capability,
	Author = {Miller, Mark S and Morningstar, Chip and Frantz, Bill},
	Booktitle = {{FC}},
	Date-Added = {2018-04-29 15:53:10 +0000},
	Date-Modified = {2018-04-29 15:53:10 +0000},
	Title = {{Capability-based financial instruments}},
	Year = {2001}}

@inproceedings{gnu-pth,
	Author = {Engelschall, Ralf S},
	Booktitle = {Proceedings of the annual conference on USENIX Annual Technical Conference},
	Date-Added = {2018-04-29 15:53:10 +0000},
	Date-Modified = {2018-04-29 15:53:10 +0000},
	Organization = {USENIX Association},
	Pages = {20--20},
	Title = {Portable multithreading: The signal stack trick for user-space thread creation},
	Year = {2000}}

@inproceedings{karp2000randomized,
	Author = {Karp, Richard and Schindelhauer, Christian and Shenker, Scott and Vocking, Berthold},
	Booktitle = {{Foundations of Computer Science}},
	Date-Added = {2018-04-29 15:53:10 +0000},
	Date-Modified = {2018-04-29 15:53:10 +0000},
	Title = {{Randomized rumor spreading}},
	Year = {2000}}

@inproceedings{auditable,
	Author = {Sander, Tomas and Ta-Shma, Amnon},
	Booktitle = {{CRYPTO}},
	Date-Added = {2018-04-29 15:53:10 +0000},
	Date-Modified = {2018-04-29 15:53:10 +0000},
	Title = {{Auditable, anonymous electronic cash}},
	Year = {1999}}

@inproceedings{breadpudding,
	Author = {Jakobsson, Markus and Juels, Ari},
	Booktitle = {{Secure Information Networks}},
	Date-Added = {2018-04-29 15:53:10 +0000},
	Date-Modified = {2018-04-29 15:53:10 +0000},
	Title = {{Proofs of work and bread pudding protocols}},
	Year = {1999}}

@misc{bmoney,
	Author = {Wei Dai},
	Date-Added = {2018-04-29 15:53:10 +0000},
	Date-Modified = {2018-04-29 15:53:10 +0000},
	Howpublished = {\url{www.weidai.com/bmoney.txt}},
	Title = {{b-money}},
	Year = 1998}

@article{digicash,
	Author = {Schoenmakers, Berry},
	Date-Added = {2018-04-29 15:53:10 +0000},
	Date-Modified = {2018-04-29 15:53:10 +0000},
	Journal = {State of the Art in Applied Cryptography},
	Title = {{Security aspects of the EcashTM payment system}},
	Year = {1998}}

@inproceedings{GS98,
	Author = {D M Goldschlag and S G Stubblebine},
	Booktitle = {{Financial Cryptography}},
	Date-Added = {2018-04-29 15:53:10 +0000},
	Date-Modified = {2018-04-29 15:53:10 +0000},
	Title = {{Publicly Verifiable Lotteries: Applications of Delaying Functions}},
	Year = {1998}}

@inproceedings{pgpweboftrust,
	Author = {Abdul-Rahman, Alfarez},
	Booktitle = {EDI-Forum: the Journal of Electronic Commerce},
	Date-Added = {2018-04-29 15:53:10 +0000},
	Date-Modified = {2018-04-29 15:53:10 +0000},
	Title = {The pgp trust model},
	Year = {1997}}

@inproceedings{rivest1997payword,
	Author = {Rivest, Ronald L and Shamir, Adi},
	Booktitle = {{Security Protocols Workshop}},
	Date-Added = {2018-04-29 15:53:10 +0000},
	Date-Modified = {2018-04-29 15:53:10 +0000},
	Title = {{PayWord and MicroMint: Two simple micropayment schemes}},
	Year = {1997}}

@article{erlang,
	Author = {Virding, Robert and Wikstr{\"o}m, Claes and Williams, Mike and Armstrong, Joe},
	Date-Added = {2018-04-29 15:53:10 +0000},
	Date-Modified = {2018-04-29 15:53:10 +0000},
	Publisher = {Prentice Hall International (UK) Ltd.},
	Title = {Concurrent programming in ERLANG},
	Year = {1996}}

@article{netbill,
	Author = {Sirbu, Marvin and Tygar, J Doug},
	Date-Added = {2018-04-29 15:53:10 +0000},
	Date-Modified = {2018-04-29 15:53:10 +0000},
	Journal = {Personal Communications, IEEE},
	Number = {4},
	Pages = {34--39},
	Publisher = {IEEE},
	Title = {{NetBill: An internet commerce system optimized for network-delivered services}},
	Volume = {2},
	Year = {1995}}

@inproceedings{dwork1993pricing,
	Author = {Dwork, Cynthia and Naor, Moni},
	Booktitle = {{CRYPTO}},
	Date-Added = {2018-04-29 15:53:10 +0000},
	Date-Modified = {2018-04-29 15:53:10 +0000},
	Title = {{Pricing via processing or combatting junk mail}},
	Year = {1992}}

@inproceedings{okamoto1992universal,
	Author = {Okamoto, Tatsuaki and Ohta, Kazuo},
	Booktitle = {{Advances in Cryptology---CRYPTO'91}},
	Date-Added = {2018-04-29 15:53:10 +0000},
	Date-Modified = {2018-04-29 15:53:10 +0000},
	Organization = {Springer},
	Pages = {324--337},
	Title = {{Universal electronic cash}},
	Year = {1992}}

@inproceedings{chaum1990untraceable,
	Author = {Chaum, David and Fiat, Amos and Naor, Moni},
	Booktitle = {{CRYPTO}},
	Date-Added = {2018-04-29 15:53:10 +0000},
	Date-Modified = {2018-04-29 15:53:10 +0000},
	Title = {{Untraceable electronic cash}},
	Year = {1990}}

@book{suber1990paradox,
	Author = {Suber, Peter},
	Date-Added = {2018-04-29 15:53:10 +0000},
	Date-Modified = {2018-04-29 15:53:10 +0000},
	Publisher = {Peter Lang New York},
	Title = {{The paradox of self-amendment}},
	Year = {1990}}

@article{ochs1989experimental,
	Author = {Ochs, Jack and Roth, Alvin E},
	Date-Added = {2018-04-29 15:53:10 +0000},
	Date-Modified = {2018-04-29 15:53:10 +0000},
	Journal = {The American Economic Review},
	Pages = {355--384},
	Title = {{An experimental study of sequential bargaining}},
	Year = {1989}}

@article{maynard1972game,
	Author = {Maynard Smith, John},
	Date-Added = {2018-04-29 15:53:10 +0000},
	Date-Modified = {2018-04-29 15:53:10 +0000},
	Journal = {On evolution},
	Pages = {8--28},
	Publisher = {Edinburgh: Edinburgh University Press},
	Title = {{Game theory and the evolution of fighting}},
	Year = {1972}}

@article{rapoport1966chicken,
	Author = {Rapoport, Anatol and Chammah, Albert M},
	Date-Added = {2018-04-29 15:53:10 +0000},
	Date-Modified = {2018-04-29 15:53:10 +0000},
	Journal = {American Behavioral Scientist},
	Number = {3},
	Pages = {10--28},
	Publisher = {Sage Publications},
	Title = {{The game of chicken}},
	Volume = {10},
	Year = {1966}}

@misc{goldfinger,
	Author = {{G. Hamilton (Dir.)}},
	Date-Added = {2018-04-29 15:53:10 +0000},
	Date-Modified = {2018-04-29 15:53:10 +0000},
	Howpublished = {United Artists},
	Title = {{Goldfinger}},
	Year = 1964}

@article{vickrey,
	Author = {Vickrey, William},
	Date-Added = {2018-04-29 15:53:10 +0000},
	Date-Modified = {2018-04-29 15:53:10 +0000},
	Journal = {Journal of finance},
	Title = {Counterspeculation, auctions, and competitive sealed tenders},
	Year = {1961}}

@book{schelling,
	Author = {Thomas C. Schelling},
	Date-Added = {2018-04-29 15:53:10 +0000},
	Date-Modified = {2018-04-29 15:53:10 +0000},
	Publisher = {Harvard University Press},
	Title = {{The Strategy of Conflict}},
	Year = 1960}

@book{goldfinger-book,
	Author = {Ian Fleming},
	Date-Added = {2018-04-29 15:53:10 +0000},
	Date-Modified = {2018-04-29 15:53:10 +0000},
	Publisher = {Jonathan Cape},
	Title = {{Goldfinger}},
	Year = {1959}}

@article{nash1951non,
	Author = {Nash, John},
	Date-Added = {2018-04-29 15:53:10 +0000},
	Date-Modified = {2018-04-29 15:53:10 +0000},
	Journal = {{Annals of Mathematics}},
	Number = {2},
	Title = {{Non-cooperative games}},
	Volume = {54},
	Year = {1951}}

@book{von1947theory,
	Author = {Von Neumann, John and Morgenstern, Oskar},
	Date-Added = {2018-04-29 15:53:10 +0000},
	Date-Modified = {2018-04-29 15:53:10 +0000},
	Publisher = {Princeton University Press},
	Title = {{Theory of games and economic behavior (2d rev)}},
	Year = {1947}}

@misc{peacerelay,
	Author = {Luu, Loi},
	Date-Modified = {2018-02-09 00:33:00 +0000},
	Month = {Jul.},
	Note = {\url{https://medium.com/@loiluu/22605c300ad3}},
	Title = {{PeaceRelay}: Connecting the many {Ethereum} Blockchains},
	Year = {2017},
	Bdsk-Url-1 = {https://medium.com/@loiluu/22605c300ad3}}

@misc{merkle,
	Author = {Buterin, Vitalik},
	Date-Added = {2017-10-30 21:02:11 +0000},
	Date-Modified = {2018-02-09 00:31:20 +0000},
	Month = {Nov.},
	Note = {\url{https://blog.ethereum.org/2015/11/15/merkling-in-ethereum/}},
	Title = {Merkling in {Ethereum}},
	Year = {2015},
	Bdsk-Url-1 = {https://blog.ethereum.org/2015/11/15/merkling-in-ethereum/}}

@misc{wood2017ethereum,
	Author = {Wood, Gavin},
	Date-Added = {2017-10-29 15:54:00 +0000},
	Date-Modified = {2017-10-29 16:02:59 +0000},
	Title = {Ethereum: A secure decentralised generalised transaction ledger},
	Url = {http://yellowpaper.io/},
	Year = {2014},
	Bdsk-Url-1 = {http://yellowpaper.io/}}

@article{mckeeman1998differential,
	Author = {McKeeman, William M},
	Date-Added = {2017-10-29 01:50:05 +0000},
	Date-Modified = {2017-10-29 01:50:05 +0000},
	Journal = {Digital Technical Journal},
	Number = {1},
	Pages = {100--107},
	Title = {Differential testing for software},
	Volume = {10},
	Year = {1998}}

@misc{coinmarket,
	Date-Added = {2017-10-25 01:52:52 +0000},
	Date-Modified = {2018-02-09 00:29:45 +0000},
	Lastchecked = {February 1st 2018},
	Note = {\url{https://coinmarketcap.com/tokens/}},
	Title = {Cryptocurrency Market Capitalizations},
	Bdsk-Url-1 = {https://coinmarketcap.com/tokens/}}

@misc{montyhall,
	Author = {{Wikipedia}},
	Date-Added = {2017-10-25 00:27:38 +0000},
	Date-Modified = {2018-02-09 00:32:01 +0000},
	Lastchecked = {February 1st 2018},
	Note = {\url{https://en.wikipedia.org/wiki/Monty_Hall_problem}},
	Title = {{Monty} {Hall} Problem},
	Bdsk-Url-1 = {https://en.wikipedia.org/wiki/Monty_Hall_problem}}

@article{randell1975system,
	Author = {Randell, Brian},
	Date-Added = {2017-10-24 20:20:50 +0000},
	Date-Modified = {2017-11-01 00:56:06 +0000},
	Journal = {IEEE TSE},
	Number = {2},
	Pages = {220--232},
	Publisher = {IEEE},
	Title = {System structure for software fault tolerance},
	Year = {1975}}

@misc{stock-market,
	Author = {Sam Ro},
	Date-Added = {2017-10-23 23:20:27 +0000},
	Date-Modified = {2018-02-09 00:33:52 +0000},
	Lastchecked = {October 12th 2017},
	Month = {Mar.},
	Note = {\url{http://www.businessinsider.com/history-of-world-stock-market-breaks-2014-3}},
	Title = {29 Instances Of A Major World Stock Market Shutdown},
	Year = {2014},
	Bdsk-Url-1 = {http://www.businessinsider.com/history-of-world-stock-market-breaks-2014-3}}

@misc{metropolis,
	Author = {O'Leary, Rachel Rose},
	Date-Added = {2017-10-22 21:23:21 +0000},
	Date-Modified = {2018-02-09 00:31:34 +0000},
	Lastchecked = {October 12th 2017},
	Month = {Sep.},
	Note = {\url{https://www.coindesk.com/metropolis-today-shifting-plans-ethereums-next-big-upgrade/}},
	Title = {{Metropolis} Today: The Shifting Plans for {Ethereum}'s Next Big Upgrade},
	Year = {2017},
	Bdsk-Url-1 = {https://www.coindesk.com/metropolis-today-shifting-plans-ethereums-next-big-upgrade/}}

@misc{byzantium,
	Author = {{Ethereum Team}},
	Date-Added = {2017-10-22 21:14:33 +0000},
	Date-Modified = {2018-02-09 00:29:18 +0000},
	Lastchecked = {October 12th 2017},
	Month = {Oct.},
	Note = {\url{https://blog.ethereum.org/2017/10/12/byzantium-hf-announcement/}},
	Title = {Byzantium {HF} Announcement},
	Year = {2017},
	Bdsk-Url-1 = {https://blog.ethereum.org/2017/10/12/byzantium-hf-announcement/}}

@misc{erc20,
	Author = {Vogelsteller, Fabian and Buterin, Vitalik},
	Date-Modified = {2018-02-09 00:30:45 +0000},
	Howpublished = {Ethereum Improvement Proposal},
	Month = {Nov.},
	Note = {\url{https://github.com/ethereum/EIPs/blob/master/EIPS/eip-20-token-standard.md}},
	Title = {{ERC-20} Token Standard},
	Year = {2015},
	Bdsk-Url-1 = {https://github.com/ethereum/EIPs/blob/master/EIPS/eip-20-token-standard.md}}

@misc{yahoo-bounty,
	Author = {{High-Tech Bridge SA}},
	Date-Added = {2017-10-22 21:00:55 +0000},
	Date-Modified = {2018-02-09 00:38:16 +0000},
	Lastchecked = {October 12th 2017},
	Month = {Sep.},
	Note = {\url{https://www.htbridge.com/news/what_s_your_email_security_worth_12_dollars_and_50_cents_according_to_yahoo.html}},
	Title = {What's your email security worth? 12 dollars and 50 cents according to {Yahoo}},
	Year = {2013},
	Bdsk-Url-1 = {https://www.htbridge.com/news/what_s_your_email_security_worth_12_dollars_and_50_cents_according_to_yahoo.html}}

@misc{apple-bounty,
	Author = {Miller, Chance},
	Date-Added = {2017-10-22 20:49:35 +0000},
	Date-Modified = {2018-02-09 00:28:55 +0000},
	Lastchecked = {October 12th 2017},
	Month = {Jul.},
	Note = {\url{https://9to5mac.com/2017/07/06/apple-bug-bounty-program-payouts}},
	Title = {Apple's bug bounty program faltering due to low payouts to researchers, new report claims},
	Year = {2017},
	Bdsk-Url-1 = {https://9to5mac.com/2017/07/06/apple-bug-bounty-program-payouts}}

@misc{multisig,
	Author = {Breidenbach, Lorenz and Daian, Phil and Juels, Ari and Sirer, Emin G{\"u}n},
	Date-Added = {2017-10-22 20:39:04 +0000},
	Date-Modified = {2018-02-09 00:32:14 +0000},
	Month = {Jul.},
	Note = {\url{http://hackingdistributed.com/2017/07/22/deep-dive-parity-bug/}},
	Title = {An In-Depth Look at the {Parity} Multisig Bug},
	Urldate = {October 22nd 2017},
	Year = {2017},
	Bdsk-Url-1 = {http://hackingdistributed.com/2017/07/22/deep-dive-parity-bug/}}

@misc{DAO,
	Author = {Buterin, Vitalik},
	Date-Added = {2017-10-22 20:37:42 +0000},
	Date-Modified = {2018-02-09 00:30:16 +0000},
	Lastchecked = {October 12th 2017},
	Month = {Jul.},
	Note = {\url{https://blog.ethereum.org/2016/07/20/hard-fork-completed/}},
	Title = {Hard Fork Completed},
	Year = {2016},
	Bdsk-Url-1 = {https://blog.ethereum.org/2016/07/20/hard-fork-completed/}}

@book{ablon2014markets,
	Author = {Ablon, Lillian and Libicki, Martin C and Golay, Andrea A},
	Date-Added = {2017-10-22 20:36:26 +0000},
	Date-Modified = {2017-10-22 20:36:26 +0000},
	Publisher = {Rand Corporation},
	Title = {Markets for cybercrime tools and stolen data: Hackers' bazaar},
	Year = {2014}}

@misc{solidity-pattern,
	Author = {Ethereum},
	Date-Added = {2017-10-12 17:41:46 +0000},
	Date-Modified = {2018-02-09 00:33:41 +0000},
	Howpublished = {Solidity documentation},
	Lastchecked = {October 12th 2017},
	Note = {\url{http://solidity.readthedocs.io/en/develop/security-considerations.html}},
	Title = {Security Considerations},
	Urldate = {October 12th 2017},
	Bdsk-Url-1 = {http://solidity.readthedocs.io/en/develop/security-considerations.html#use-the-checks-effects-interactions-pattern}}

@inproceedings{luu2015demystifying,
	Author = {Luu, Loi and Teutsch, Jason and Kulkarni, Raghav and Saxena, Prateek},
	Booktitle = {ACM CCS},
	Date-Added = {2017-10-10 21:47:03 +0000},
	Date-Modified = {2017-11-01 01:01:29 +0000},
	Organization = {ACM},
	Pages = {706--719},
	Title = {Demystifying incentives in the consensus computer},
	Year = {2015}}

@inproceedings{zhang2016town,
	Author = {Zhang, Fan and Cecchetti, Ethan and Croman, Kyle and Juels, Ari and Shi, Elaine},
	Booktitle = {ACM CCS},
	Date-Added = {2017-10-10 21:41:03 +0000},
	Date-Modified = {2017-11-01 01:02:14 +0000},
	Organization = {ACM},
	Pages = {270--282},
	Title = {{Town Crier}: An authenticated data feed for smart contracts},
	Year = {2016}}

@inproceedings{murdoch2005embedding,
	Author = {Murdoch, Steven J and Lewis, Stephen},
	Booktitle = {Information hiding},
	Date-Added = {2017-10-10 21:28:49 +0000},
	Date-Modified = {2017-10-25 15:19:22 +0000},
	Organization = {Springer},
	Pages = {247--261},
	Title = {Embedding covert channels into {TCP/IP}},
	Volume = {3727},
	Year = {2005}}

@techreport{dingledine2004tor,
	Author = {Dingledine, Roger and Mathewson, Nick and Syverson, Paul},
	Date-Added = {2017-10-10 21:27:50 +0000},
	Date-Modified = {2017-10-10 21:27:50 +0000},
	Institution = {Naval Research Lab Washington DC},
	Title = {Tor: The second-generation onion router},
	Year = {2004}}

@book{katzenbeisser2000information,
	Author = {Katzenbeisser, Stefan and Petitcolas, Fabien},
	Date-Added = {2017-10-10 21:25:45 +0000},
	Date-Modified = {2017-10-10 21:25:45 +0000},
	Publisher = {Artech house},
	Title = {Information hiding techniques for steganography and digital watermarking},
	Year = {2000}}

@inproceedings{tramer2017sealed,
	Author = {Tram\`er, Florian and Zhang, Fan and Lin, Huang and Hubaux, Jean-Pierre and Juels, Ari and Shi, Elaine},
	Booktitle = {IEEE EuroS\&P},
	Date-Added = {2017-10-10 21:23:26 +0000},
	Date-Modified = {2017-11-01 00:58:38 +0000},
	Pages = {19--34},
	Title = {Sealed-glass proofs: Using transparent enclaves to prove and sell knowledge},
	Year = {2017}}

@inproceedings{jakobsson1998x,
	Author = {Jakobsson, Markus and Juels, Ari},
	Booktitle = {Financial Cryptography},
	Date-Added = {2017-10-10 19:50:18 +0000},
	Date-Modified = {2017-11-01 01:00:06 +0000},
	Organization = {Springer},
	Pages = {16--27},
	Title = {X-cash: Executable digital cash},
	Year = {1998}}

@article{szabo1997formalizing,
	Author = {Szabo, Nick},
	Date-Added = {2017-10-10 19:49:03 +0000},
	Date-Modified = {2017-10-10 19:49:03 +0000},
	Journal = {First Monday},
	Number = {9},
	Title = {Formalizing and securing relationships on public networks},
	Volume = {2},
	Year = {1997}}

@misc{hildenbrandt2017kevm,
	Author = {Hildenbrandt, Everett and Saxena, Manasvi and Zhu, Xiaoran and Rodrigues, Nishant and Daian, Philip and Guth, Dwight and Rosu, Grigore},
	Date-Added = {2017-10-10 19:48:14 +0000},
	Date-Modified = {2017-11-01 00:57:18 +0000},
	Title = {{KEVM}: A Complete Semantics of the {Ethereum Virtual Machine}},
	Year = {2017},
	Bdsk-Url-1 = {http://hdl.handle.net/2142/97207}}

@misc{hirai2016formal,
	Author = {Hirai, Yoichi},
	Date-Added = {2017-10-10 19:45:58 +0000},
	Date-Modified = {2017-10-25 15:23:08 +0000},
	Title = {Formal verification of {Deed} contract in {Ethereum} name service},
	Url = {https://yoichihirai.com/deed.pdf},
	Year = {2016},
	Bdsk-Url-1 = {https://yoichihirai.com/deed.pdf}}

@inproceedings{eyal2014majority,
	Author = {Eyal, Ittay and Sirer, Emin G{\"u}n},
	Booktitle = {Financial Cryptography},
	Date-Added = {2017-10-10 19:34:25 +0000},
	Date-Modified = {2017-11-01 05:02:32 +0000},
	Organization = {Springer},
	Pages = {436--454},
	Title = {Majority is not enough: Bitcoin mining is vulnerable},
	Year = {2014}}

@inproceedings{kosba2016hawk,
	Author = {Kosba, Ahmed and Miller, Andrew and Shi, Elaine and Wen, Zikai and Papamanthou, Charalampos},
	Booktitle = {IEEE S\&P},
	Date-Added = {2017-10-10 19:31:44 +0000},
	Date-Modified = {2017-11-01 00:59:29 +0000},
	Organization = {IEEE},
	Pages = {839--858},
	Title = {Hawk: The blockchain model of cryptography and privacy-preserving smart contracts},
	Year = {2016}}

@inproceedings{marino2016setting,
	Author = {Marino, Bill and Juels, Ari},
	Booktitle = {RuleML},
	Date-Added = {2017-10-10 19:29:01 +0000},
	Date-Modified = {2017-11-01 00:59:11 +0000},
	Organization = {Springer},
	Pages = {151--166},
	Title = {Setting standards for altering and undoing smart contracts},
	Year = {2016}}

@unpublished{buterin2014ethereum,
	Author = {Buterin, Vitalik},
	Date-Added = {2017-10-10 19:24:27 +0000},
	Date-Modified = {2017-10-22 20:52:14 +0000},
	Note = {\url{https://github.com/ethereum/wiki/wiki/White-Paper}},
	Title = {Ethereum: A next-generation smart contract and decentralized application platform},
	Year = {2014}}

@inproceedings{atzei2017survey,
	Author = {Atzei, Nicola and Bartoletti, Massimo and Cimoli, Tiziana},
	Booktitle = {International Conference on Principles of Security and Trust},
	Date-Added = {2017-10-10 18:36:20 +0000},
	Date-Modified = {2017-10-25 15:17:36 +0000},
	Organization = {Springer},
	Pages = {164--186},
	Title = {A Survey of Attacks on {Ethereum} Smart Contracts {(SoK)}},
	Year = {2017}}

@inproceedings{delmolino2016step,
	Author = {Delmolino, Kevin and Arnett, Mitchell and Kosba, Ahmed and Miller, Andrew and Shi, Elaine},
	Booktitle = {Financial Cryptography},
	Date-Added = {2017-10-10 18:35:45 +0000},
	Date-Modified = {2017-11-01 01:01:08 +0000},
	Organization = {Springer},
	Pages = {79--94},
	Title = {Step by step towards creating a safe smart contract: Lessons and insights from a cryptocurrency lab},
	Year = {2016}}

@inproceedings{luu2016making,
	Author = {Luu, Loi and Chu, Duc-Hiep and Olickel, Hrishi and Saxena, Prateek and Hobor, Aquinas},
	Booktitle = {ACM CCS},
	Date-Added = {2017-10-10 18:35:00 +0000},
	Date-Modified = {2017-11-01 01:01:22 +0000},
	Organization = {ACM},
	Pages = {254--269},
	Title = {Making smart contracts smarter},
	Year = {2016}}

@inproceedings{bhargavan2016formal,
	Author = {Bhargavan, Karthikeyan and Delignat-Lavaud, Antoine and Fournet, C{\'e}dric and Gollamudi, Anitha and Gonthier, Georges and Kobeissi, Nadim and Kulatova, Natalia and Rastogi, Aseem and Sibut-Pinote, Thomas and Swamy, Nikhil and others},
	Booktitle = {ACM PLAS},
	Date-Added = {2017-10-10 18:34:09 +0000},
	Date-Modified = {2017-11-01 01:02:01 +0000},
	Organization = {ACM},
	Pages = {91--96},
	Title = {Formal verification of smart contracts: Short paper},
	Year = {2016}}

@article{knight1986experimental,
	Author = {Knight, John C and Leveson, Nancy G},
	Date-Added = {2017-09-14 13:50:00 +0000},
	Date-Modified = {2017-09-14 13:50:00 +0000},
	Journal = {IEEE Transactions on software engineering},
	Number = {1},
	Pages = {96--109},
	Publisher = {IEEE},
	Title = {An experimental evaluation of the assumption of independence in multiversion programming},
	Year = {1986}}

@incollection{avizienis1995methodology,
	Author = {Avi{\v z}ienis, Algirdas},
	Booktitle = {Software Fault Tolerance},
	Date-Added = {2017-09-14 13:42:19 +0000},
	Date-Modified = {2017-10-30 19:52:13 +0000},
	Editor = {Lyu, Michael R},
	Publisher = {John Wiley \& Sons Ltd},
	Title = {The Methodology of {N}-Version Programming},
	Year = {1995}}

@inproceedings{juels2016ring,
	Author = {Juels, Ari and Kosba, Ahmed and Shi, Elaine},
	Booktitle = {ACM CCS},
	Date-Added = {2017-07-05 15:59:38 +0000},
	Date-Modified = {2017-11-01 00:59:40 +0000},
	Organization = {ACM},
	Pages = {283--295},
	Title = {The {R}ing of {G}yges: Investigating the future of criminal smart contracts},
	Year = {2016}}

@article{lyu1993improving,
	Author = {Lyu, Michael R and He, Y-T},
	Date-Added = {2017-07-04 14:45:15 +0000},
	Date-Modified = {2017-10-25 15:22:24 +0000},
	Journal = {IEEE Transactions on Reliability},
	Number = {2},
	Pages = {179--189},
	Publisher = {IEEE},
	Title = {Improving the {N}-version programming process through the evolution of a design paradigm},
	Volume = {42},
	Year = {1993}}

@inproceedings{avizienis1988search,
	Author = {Avi{\v z}ienis, A and Lyu, MR and Schutz, W},
	Booktitle = {Fault-Tolerant Computing},
	Date-Added = {2017-07-04 14:44:23 +0000},
	Date-Modified = {2017-11-01 00:56:41 +0000},
	Organization = {IEEE},
	Pages = {15--22},
	Title = {In search of effective diversity: a six-language study of fault-tolerant flight control software},
	Year = {1988}}

@article{eckhardt1985theoretical,
	Author = {Eckhardt, Dave E and Lee, Larry D},
	Date-Added = {2017-06-28 16:12:01 +0000},
	Date-Modified = {2017-11-01 00:55:49 +0000},
	Journal = {IEEE TSE},
	Number = {12},
	Pages = {1511--1517},
	Publisher = {IEEE},
	Title = {A theoretical basis for the analysis of multiversion software subject to coincident errors},
	Year = {1985}}

@article{eckhardt1991experimental,
	Author = {Eckhardt, Dave E and Caglayan, Alper K. and Knight, John C. and Lee, Larry D. and McAllister, David F. and Vouk, Mladen A. and Kelly, John P. J.},
	Date-Added = {2017-06-28 16:11:50 +0000},
	Date-Modified = {2017-11-01 00:55:54 +0000},
	Journal = {IEEE TSE},
	Number = {7},
	Pages = {692--702},
	Publisher = {IEEE},
	Title = {An experimental evaluation of software redundancy as a strategy for improving reliability},
	Volume = {17},
	Year = {1991}}

@article{knight1990reply,
	Author = {Knight, John C and Leveson, Nancy G},
	Date-Added = {2017-06-28 16:07:43 +0000},
	Date-Modified = {2017-11-01 00:58:09 +0000},
	Journal = {ACM SEN},
	Number = {1},
	Pages = {24--35},
	Publisher = {ACM},
	Title = {A reply to the criticisms of the {Knight} \& {Leveson} experiment},
	Volume = {15},
	Year = {1990}}

@inproceedings{nagy2006n-version,
	Author = {Nagy, Lajos and Ford, Richard and Allen, William},
	Booktitle = {IEEE Topical Conference on Cybersecurity},
	Date-Added = {2017-06-28 15:32:35 +0000},
	Date-Modified = {2017-06-28 15:33:13 +0000},
	Title = {N-version programming for the detection of zero-day exploits},
	Year = {2006}}

@inproceedings{larsen2014sok,
	Author = {Larsen, Per and Homescu, Andrei and Brunthaler, Stefan and Franz, Michael},
	Booktitle = {Security and Privacy (SP), 2014 IEEE Symposium on},
	Date-Added = {2017-06-28 15:12:17 +0000},
	Date-Modified = {2017-10-25 15:19:14 +0000},
	Organization = {IEEE},
	Pages = {276--291},
	Title = {{SoK}: Automated software diversity},
	Year = {2014}}

@inproceedings{chen1995n-version,
	Author = {Chen, Liming and Avi{\v z}ienis, Algirdas},
	Booktitle = {Fault-Tolerant Computing},
	Date-Added = {2017-06-28 15:09:54 +0000},
	Date-Modified = {2017-11-01 00:56:29 +0000},
	Organization = {IEEE},
	Pages = {113},
	Title = {N-version programming: A fault-tolerance approach to reliability of software operation},
	Year = {1995}}

@misc{hkg,
	Author = {Manning, Jim},
	Date-Modified = {2018-02-09 00:31:03 +0000},
	Month = {Jan.},
	Note = {\url{https://www.ethnews.com/ethercamps-hkg-token-has-a-bug-and-needs-to-be-reissued}},
	Publisher = {ETHNews},
	Title = {{Ether.Camp}'s {HKG }Token Has A Bug And Needs To Be Reissued},
	Year = {2017},
	Bdsk-Url-1 = {https://www.ethnews.com/ethercamps-hkg-token-has-a-bug-and-needs-to-be-reissued}}

@misc{mkr,
	Author = {{Reddit user ``jupiter0''}},
	Date-Modified = {2018-02-09 00:31:47 +0000},
	Month = {Jun.},
	Note = {\url{https://www.reddit.com/r/ethereum/comments/4nmohu/}},
	Publisher = {Reddit},
	Title = {From the {MAKER DAO} slack: ``Today we discovered a vulnerability in the {ETH} token wrapper which would let anyone drain it.''},
	Year = {2016},
	Bdsk-Url-1 = {https://www.reddit.com/r/ethereum/comments/4nmohu/}}

@misc{dao-attack,
	Author = {Phil Daian},
	Date-Modified = {2018-02-09 00:30:29 +0000},
	Month = {Jun.},
	Note = {\url{http://hackingdistributed.com/2016/06/18/analysis-of-the-dao-exploit/}},
	Title = {Analysis of the {DAO} exploit},
	Year = {2016},
	Bdsk-Url-1 = {http://hackingdistributed.com/2016/06/18/analysis-of-the-dao-exploit/}}

@misc{thinkingsecurity,
	Author = {Buterin, Vitalik},
	Date-Modified = {2018-02-09 00:34:16 +0000},
	Month = {Jun.},
	Note = {\url{https://blog.ethereum.org/2016/06/19/thinking-smart-contract-security/}},
	Publisher = {Ethereum Blog},
	Title = {Thinking About Smart Contract Security},
	Year = {2016},
	Bdsk-Url-1 = {https://blog.ethereum.org/2016/06/19/thinking-smart-contract-security/}}

@misc{smartbillions,
	Author = {Solana, Jasmine},
	Date-Modified = {2018-02-09 00:33:26 +0000},
	Month = {Oct.},
	Note = {\url{https://calvinayre.com/2017/10/13/bitcoin/500k-hack-challenge-backfires-blockchain-lottery-smartbillions/}},
	Publisher = {CalvinAyre},
	Title = {\$500{K} hack challenge backfires on blockchain lottery {SmartBillions}},
	Year = {2017},
	Bdsk-Url-1 = {https://calvinayre.com/2017/10/13/bitcoin/500k-hack-challenge-backfires-blockchain-lottery-smartbillions/}}

@misc{nopay1,
	Author = {Arghire, Ionut},
	Date-Modified = {2018-02-09 00:32:29 +0000},
	Month = {Oct.},
	Note = {\url{http://www.securityweek.com/researchers-claim-wickr-patched-flaws-didnt-pay-rewards}},
	Publisher = {SecurityWeek.com},
	Title = {Researchers Claim {Wickr} Patched Flaws but Didn't Pay Rewards},
	Year = {2016},
	Bdsk-Url-1 = {http://www.securityweek.com/researchers-claim-wickr-patched-flaws-didnt-pay-rewards}}

@misc{nopay2,
	Author = {Vaas, Lisa},
	Date-Modified = {2018-02-09 00:32:47 +0000},
	Month = {May},
	Note = {\url{https://nakedsecurity.sophos.com/2013/05/29/paypal-refuses-to-pay-bug-finding-teen/}},
	Publisher = {Naked Security by Sophos},
	Title = {{PayPal} refuses to pay bug-finding teen},
	Year = {2013},
	Bdsk-Url-1 = {https://nakedsecurity.sophos.com/2013/05/29/paypal-refuses-to-pay-bug-finding-teen/}}

@misc{swende-frontrunning,
	Author = {Swende, Martin Holst},
	Date-Modified = {2018-02-09 00:34:04 +0000},
	Month = {Jul.},
	Note = {\url{http://www.swende.se/blog/Frontrunning.html}},
	Publisher = {Martin Swende},
	Title = {Blockchain frontrunning},
	Year = {2017},
	Bdsk-Url-1 = {http://www.swende.se/blog/Frontrunning.html}}

@misc{serpentgas,
	Author = {Krug, Joey},
	Date-Modified = {2018-02-09 00:33:13 +0000},
	Month = {Jun.},
	Note = {\url{http://www.joeykrug.com/home/a-serpent-send-exploit}},
	Publisher = {Joey on Ethereum},
	Title = {A {Serpent} Send Exploit},
	Year = {2016},
	Bdsk-Url-1 = {http://www.joeykrug.com/home/a-serpent-send-exploit}}

@misc{multisig2,
	Author = {Steiner, Jutta},
	Note = {\url{https://blog.ethcore.io/security-is-a-process-a-postmortem-on-the-parity-multi-sig-library-self-destruct/}},
	Publisher = {Ethcore},
	Title = {Security is a process: A Postmortem on the Parity Multi-Sig Library Self-Destruct},
	Year = {2017}}

@misc{powh,
	Author = {Banisadr, Eric},
	Note = {\url{https://blog.goodaudience.com/how-800k-evaporated-from-the-powh-coin-ponzi-scheme-overnight-1b025c33b530}},
	Publisher = {GoodAudience},
	Title = {How \$800k Evaporated from the PoWH Coin Ponzi Scheme Overnight},
	Year = {2018}}

@inproceedings{hirai2017defining,
	Author = {Hirai, Yoichi},
	Booktitle = {International Conference on Financial Cryptography and Data Security},
	Organization = {Springer},
	Pages = {520--535},
	Title = {Defining the ethereum virtual machine for interactive theorem provers},
	Year = {2017}}

@article{amani2018towards,
	Author = {Amani, Sidney and B{\'e}gel, Myriam and Bortin, Maksym and Staples, Mark},
	Journal = {CPP. ACM. To appear},
	Title = {Towards Verifying {Ethereum} Smart Contract Bytecode in {Isabelle/HOL}},
	Year = {2018}}
